{"p":"25718.2","s":"BTCUSDT","q":"0.038","m":false,"T":"2023-09-10T17:09:06Z"}
{"p":"1605.55","s":"ETHUSDT","q":"0.012","m":false,"T":"2023-09-10T17:09:06Z"}
{"p":"25718.1","s":"BTCUSDT","q":"0.441","m":true,"T":"2023-09-10T17:09:06Z"}
{"p":"1605.55","s":"ETHUSDT","q":"0.193","m":false,"T":"2023-09-10T17:09:06Z"}
{"p":"60.48","s":"LTCUSDT","q":"24.958","m":false,"T":"2023-09-10T17:09:06Z"}
{"p":"17.873","s":"SOLUSDT","q":"17","m":true,"T":"2023-09-10T17:09:06Z"}
{"p":"1605.55","s":"ETHUSDT","q":"2.495","m":false,"T":"2023-09-10T17:09:06Z"}
{"p":"17.873","s":"SOLUSDT","q":"7","m":true,"T":"2023-09-10T17:09:07Z"}
{"p":"60.47","s":"LTCUSDT","q":"14.99","m":true,"T":"2023-09-10T17:09:07Z"}
{"p":"1605.54","s":"ETHUSDT","q":"8.407","m":true,"T":"2023-09-10T17:09:07Z"}
{"p":"25718.2","s":"BTCUSDT","q":"0.05","m":false,"T":"2023-09-10T17:09:07Z"}
{"p":"17.875","s":"SOLUSDT","q":"192","m":false,"T":"2023-09-10T17:09:07Z"}
{"p":"17.874","s":"SOLUSDT","q":"390","m":false,"T":"2023-09-10T17:09:07Z"}
{"p":"17.877","s":"SOLUSDT","q":"407","m":false,"T":"2023-09-10T17:09:07Z"}
{"p":"17.876","s":"SOLUSDT","q":"302","m":false,"T":"2023-09-10T17:09:07Z"}
{"p":"17.877","s":"SOLUSDT","q":"69","m":true,"T":"2023-09-10T17:09:07Z"}
{"p":"17.878","s":"SOLUSDT","q":"12","m":false,"T":"2023-09-10T17:09:07Z"}
{"p":"17.875","s":"SOLUSDT","q":"44","m":true,"T":"2023-09-10T17:09:07Z"}
{"p":"17.876","s":"SOLUSDT","q":"164","m":true,"T":"2023-09-10T17:09:07Z"}
{"p":"17.873","s":"SOLUSDT","q":"489","m":true,"T":"2023-09-10T17:09:07Z"}
{"p":"17.874","s":"SOLUSDT","q":"341","m":true,"T":"2023-09-10T17:09:07Z"}
{"p":"17.871","s":"SOLUSDT","q":"591","m":true,"T":"2023-09-10T17:09:07Z"}
{"p":"17.872","s":"SOLUSDT","q":"418","m":true,"T":"2023-09-10T17:09:07Z"}
{"p":"17.869","s":"SOLUSDT","q":"287","m":true,"T":"2023-09-10T17:09:07Z"}
{"p":"17.87","s":"SOLUSDT","q":"508","m":true,"T":"2023-09-10T17:09:07Z"}
{"p":"17.868","s":"SOLUSDT","q":"604","m":true,"T":"2023-09-10T17:09:07Z"}
{"p":"17.866","s":"SOLUSDT","q":"849","m":true,"T":"2023-09-10T17:09:07Z"}
{"p":"17.867","s":"SOLUSDT","q":"220","m":true,"T":"2023-09-10T17:09:07Z"}
{"p":"17.865","s":"SOLUSDT","q":"56","m":true,"T":"2023-09-10T17:09:07Z"}
{"p":"17.867","s":"SOLUSDT","q":"17","m":false,"T":"2023-09-10T17:09:07Z"}
{"p":"17.866","s":"SOLUSDT","q":"17","m":false,"T":"2023-09-10T17:09:07Z"}
{"p":"17.867","s":"SOLUSDT","q":"16","m":true,"T":"2023-09-10T17:09:07Z"}
{"p":"17.866","s":"SOLUSDT","q":"24","m":true,"T":"2023-09-10T17:09:07Z"}
{"p":"17.866","s":"SOLUSDT","q":"55","m":true,"T":"2023-09-10T17:09:07Z"}
{"p":"17.867","s":"SOLUSDT","q":"289","m":true,"T":"2023-09-10T17:09:07Z"}
{"p":"17.866","s":"SOLUSDT","q":"406","m":true,"T":"2023-09-10T17:09:07Z"}
{"p":"17.867","s":"SOLUSDT","q":"86","m":false,"T":"2023-09-10T17:09:07Z"}
{"p":"17.864","s":"SOLUSDT","q":"805","m":true,"T":"2023-09-10T17:09:07Z"}
{"p":"17.865","s":"SOLUSDT","q":"100","m":true,"T":"2023-09-10T17:09:07Z"}
{"p":"25718.1","s":"BTCUSDT","q":"0.194","m":true,"T":"2023-09-10T17:09:07Z"}
{"p":"60.48","s":"LTCUSDT","q":"0.363","m":false,"T":"2023-09-10T17:09:07Z"}
{"p":"17.865","s":"SOLUSDT","q":"112","m":true,"T":"2023-09-10T17:09:07Z"}
{"p":"17.865","s":"SOLUSDT","q":"39","m":false,"T":"2023-09-10T17:09:07Z"}
{"p":"1605.53","s":"ETHUSDT","q":"1.872","m":true,"T":"2023-09-10T17:09:07Z"}
{"p":"1605.54","s":"ETHUSDT","q":"6.063","m":true,"T":"2023-09-10T17:09:07Z"}
{"p":"1605.51","s":"ETHUSDT","q":"0.02","m":true,"T":"2023-09-10T17:09:07Z"}
{"p":"1605.52","s":"ETHUSDT","q":"0.02","m":true,"T":"2023-09-10T17:09:07Z"}
{"p":"1605.49","s":"ETHUSDT","q":"0.02","m":true,"T":"2023-09-10T17:09:07Z"}
{"p":"1605.5","s":"ETHUSDT","q":"0.004","m":true,"T":"2023-09-10T17:09:07Z"}
{"p":"1605.48","s":"ETHUSDT","q":"0.02","m":true,"T":"2023-09-10T17:09:07Z"}
{"p":"1605.46","s":"ETHUSDT","q":"0.242","m":true,"T":"2023-09-10T17:09:07Z"}
{"p":"1605.47","s":"ETHUSDT","q":"0.01","m":true,"T":"2023-09-10T17:09:07Z"}
{"p":"1605.44","s":"ETHUSDT","q":"6.93","m":true,"T":"2023-09-10T17:09:07Z"}
{"p":"1605.45","s":"ETHUSDT","q":"2.239","m":true,"T":"2023-09-10T17:09:07Z"}
{"p":"1605.42","s":"ETHUSDT","q":"0.02","m":true,"T":"2023-09-10T17:09:07Z"}
{"p":"1605.43","s":"ETHUSDT","q":"4.402","m":true,"T":"2023-09-10T17:09:07Z"}
{"p":"1605.4","s":"ETHUSDT","q":"5.021","m":true,"T":"2023-09-10T17:09:07Z"}
{"p":"1605.41","s":"ETHUSDT","q":"0.062","m":true,"T":"2023-09-10T17:09:07Z"}
{"p":"1605.38","s":"ETHUSDT","q":"1.634","m":true,"T":"2023-09-10T17:09:07Z"}
{"p":"1605.39","s":"ETHUSDT","q":"2.981","m":true,"T":"2023-09-10T17:09:07Z"}
{"p":"1605.36","s":"ETHUSDT","q":"7.039","m":true,"T":"2023-09-10T17:09:07Z"}
{"p":"1605.37","s":"ETHUSDT","q":"0.004","m":true,"T":"2023-09-10T17:09:07Z"}
{"p":"1605.34","s":"ETHUSDT","q":"6.892","m":true,"T":"2023-09-10T17:09:07Z"}
{"p":"1605.35","s":"ETHUSDT","q":"0.004","m":true,"T":"2023-09-10T17:09:07Z"}
{"p":"1605.32","s":"ETHUSDT","q":"1.671","m":true,"T":"2023-09-10T17:09:07Z"}
{"p":"1605.33","s":"ETHUSDT","q":"7.366","m":true,"T":"2023-09-10T17:09:07Z"}
{"p":"1605.3","s":"ETHUSDT","q":"18.193","m":true,"T":"2023-09-10T17:09:07Z"}
{"p":"1605.31","s":"ETHUSDT","q":"0.005","m":true,"T":"2023-09-10T17:09:07Z"}
{"p":"1605.28","s":"ETHUSDT","q":"18.631","m":true,"T":"2023-09-10T17:09:07Z"}
{"p":"1605.29","s":"ETHUSDT","q":"0.839","m":true,"T":"2023-09-10T17:09:07Z"}
{"p":"1605.26","s":"ETHUSDT","q":"1.766","m":true,"T":"2023-09-10T17:09:07Z"}
{"p":"1605.27","s":"ETHUSDT","q":"0.04","m":true,"T":"2023-09-10T17:09:07Z"}
{"p":"1605.24","s":"ETHUSDT","q":"5.163","m":true,"T":"2023-09-10T17:09:07Z"}
{"p":"1605.25","s":"ETHUSDT","q":"0.475","m":true,"T":"2023-09-10T17:09:07Z"}
{"p":"1605.24","s":"ETHUSDT","q":"0.007","m":false,"T":"2023-09-10T17:09:07Z"}
{"p":"1605.23","s":"ETHUSDT","q":"3.218","m":true,"T":"2023-09-10T17:09:07Z"}
{"p":"1605.23","s":"ETHUSDT","q":"0.004","m":true,"T":"2023-09-10T17:09:07Z"}
{"p":"17.866","s":"SOLUSDT","q":"161","m":false,"T":"2023-09-10T17:09:07Z"}
{"p":"17.867","s":"SOLUSDT","q":"112","m":false,"T":"2023-09-10T17:09:07Z"}
{"p":"1605.24","s":"ETHUSDT","q":"17.936","m":false,"T":"2023-09-10T17:09:07Z"}
{"p":"1605.25","s":"ETHUSDT","q":"1.481","m":false,"T":"2023-09-10T17:09:07Z"}
{"p":"17.866","s":"SOLUSDT","q":"27","m":true,"T":"2023-09-10T17:09:07Z"}
{"p":"1605.35","s":"ETHUSDT","q":"1.145","m":false,"T":"2023-09-10T17:09:07Z"}
{"p":"1605.3","s":"ETHUSDT","q":"0.009","m":false,"T":"2023-09-10T17:09:07Z"}
{"p":"1605.37","s":"ETHUSDT","q":"0.242","m":false,"T":"2023-09-10T17:09:07Z"}
{"p":"17.865","s":"SOLUSDT","q":"49","m":true,"T":"2023-09-10T17:09:07Z"}
{"p":"25718.2","s":"BTCUSDT","q":"0.984","m":false,"T":"2023-09-10T17:09:07Z"}
{"p":"1605.38","s":"ETHUSDT","q":"1.17","m":false,"T":"2023-09-10T17:09:07Z"}
{"p":"17.867","s":"SOLUSDT","q":"51","m":false,"T":"2023-09-10T17:09:07Z"}
{"p":"17.866","s":"SOLUSDT","q":"121","m":false,"T":"2023-09-10T17:09:07Z"}
{"p":"17.868","s":"SOLUSDT","q":"219","m":false,"T":"2023-09-10T17:09:07Z"}
{"p":"17.869","s":"SOLUSDT","q":"35","m":false,"T":"2023-09-10T17:09:07Z"}
{"p":"25718.2","s":"BTCUSDT","q":"0.004","m":false,"T":"2023-09-10T17:09:07Z"}
{"p":"1605.38","s":"ETHUSDT","q":"0.15","m":false,"T":"2023-09-10T17:09:07Z"}
{"p":"17.87","s":"SOLUSDT","q":"84","m":false,"T":"2023-09-10T17:09:07Z"}
{"p":"25718.2","s":"BTCUSDT","q":"0.005","m":false,"T":"2023-09-10T17:09:07Z"}
{"p":"1605.36","s":"ETHUSDT","q":"1.892","m":true,"T":"2023-09-10T17:09:08Z"}
{"p":"1605.37","s":"ETHUSDT","q":"9.797","m":true,"T":"2023-09-10T17:09:07Z"}
{"p":"1605.34","s":"ETHUSDT","q":"0.611","m":true,"T":"2023-09-10T17:09:08Z"}
{"p":"1605.35","s":"ETHUSDT","q":"0.917","m":true,"T":"2023-09-10T17:09:08Z"}
{"p":"1605.33","s":"ETHUSDT","q":"1.27","m":true,"T":"2023-09-10T17:09:08Z"}
{"p":"1605.32","s":"ETHUSDT","q":"1.075","m":true,"T":"2023-09-10T17:09:08Z"}
{"p":"1605.3","s":"ETHUSDT","q":"0.688","m":true,"T":"2023-09-10T17:09:08Z"}
{"p":"1605.31","s":"ETHUSDT","q":"0.01","m":false,"T":"2023-09-10T17:09:08Z"}
{"p":"17.87","s":"SOLUSDT","q":"50","m":false,"T":"2023-09-10T17:09:08Z"}
{"p":"1605.3","s":"ETHUSDT","q":"1.048","m":true,"T":"2023-09-10T17:09:08Z"}
{"p":"17.869","s":"SOLUSDT","q":"1","m":true,"T":"2023-09-10T17:09:08Z"}
{"p":"17.869","s":"SOLUSDT","q":"6","m":true,"T":"2023-09-10T17:09:08Z"}
{"p":"25718.1","s":"BTCUSDT","q":"1.326","m":true,"T":"2023-09-10T17:09:08Z"}
{"p":"17.87","s":"SOLUSDT","q":"63","m":false,"T":"2023-09-10T17:09:08Z"}
{"p":"1605.31","s":"ETHUSDT","q":"9","m":false,"T":"2023-09-10T17:09:08Z"}
{"p":"60.47","s":"LTCUSDT","q":"0.33","m":true,"T":"2023-09-10T17:09:08Z"}
{"p":"25718","s":"BTCUSDT","q":"0.066","m":true,"T":"2023-09-10T17:09:08Z"}
{"p":"25718.1","s":"BTCUSDT","q":"0.299","m":true,"T":"2023-09-10T17:09:08Z"}
{"p":"25717.8","s":"BTCUSDT","q":"0.002","m":true,"T":"2023-09-10T17:09:08Z"}
{"p":"25717.9","s":"BTCUSDT","q":"0.024","m":true,"T":"2023-09-10T17:09:08Z"}
{"p":"25717.6","s":"BTCUSDT","q":"0.081","m":true,"T":"2023-09-10T17:09:08Z"}
{"p":"25717.7","s":"BTCUSDT","q":"0.004","m":true,"T":"2023-09-10T17:09:08Z"}
{"p":"25717.4","s":"BTCUSDT","q":"0.001","m":true,"T":"2023-09-10T17:09:08Z"}
{"p":"25717.5","s":"BTCUSDT","q":"0.114","m":true,"T":"2023-09-10T17:09:08Z"}
{"p":"25717.2","s":"BTCUSDT","q":"0.104","m":true,"T":"2023-09-10T17:09:08Z"}
{"p":"25717.3","s":"BTCUSDT","q":"0.133","m":true,"T":"2023-09-10T17:09:08Z"}
{"p":"25717.1","s":"BTCUSDT","q":"0.024","m":true,"T":"2023-09-10T17:09:08Z"}
{"p":"1605.3","s":"ETHUSDT","q":"20","m":true,"T":"2023-09-10T17:09:08Z"}
{"p":"17.869","s":"SOLUSDT","q":"157","m":true,"T":"2023-09-10T17:09:08Z"}
{"p":"1605.31","s":"ETHUSDT","q":"1.212","m":false,"T":"2023-09-10T17:09:08Z"}
{"p":"25717","s":"BTCUSDT","q":"0.242","m":true,"T":"2023-09-10T17:09:08Z"}
{"p":"17.869","s":"SOLUSDT","q":"1","m":true,"T":"2023-09-10T17:09:08Z"}
{"p":"25717.1","s":"BTCUSDT","q":"0.03","m":false,"T":"2023-09-10T17:09:08Z"}
{"p":"1605.31","s":"ETHUSDT","q":"1.62","m":false,"T":"2023-09-10T17:09:08Z"}
{"p":"17.869","s":"SOLUSDT","q":"298","m":true,"T":"2023-09-10T17:09:08Z"}
{"p":"17.87","s":"SOLUSDT","q":"45","m":false,"T":"2023-09-10T17:09:08Z"}
{"p":"1605.3","s":"ETHUSDT","q":"0.007","m":true,"T":"2023-09-10T17:09:08Z"}
{"p":"25717","s":"BTCUSDT","q":"0.069","m":true,"T":"2023-09-10T17:09:08Z"}
{"p":"1605.3","s":"ETHUSDT","q":"1.329","m":true,"T":"2023-09-10T17:09:08Z"}
{"p":"1605.31","s":"ETHUSDT","q":"0.666","m":false,"T":"2023-09-10T17:09:08Z"}
{"p":"1605.28","s":"ETHUSDT","q":"0.02","m":true,"T":"2023-09-10T17:09:08Z"}
{"p":"1605.29","s":"ETHUSDT","q":"0.014","m":true,"T":"2023-09-10T17:09:08Z"}
{"p":"17.868","s":"SOLUSDT","q":"182","m":true,"T":"2023-09-10T17:09:08Z"}
{"p":"1605.27","s":"ETHUSDT","q":"0.026","m":true,"T":"2023-09-10T17:09:08Z"}
{"p":"25717","s":"BTCUSDT","q":"5","m":true,"T":"2023-09-10T17:09:08Z"}
{"p":"17.869","s":"SOLUSDT","q":"79","m":false,"T":"2023-09-10T17:09:09Z"}
{"p":"1605.26","s":"ETHUSDT","q":"0.611","m":true,"T":"2023-09-10T17:09:08Z"}
{"p":"17.867","s":"SOLUSDT","q":"1","m":true,"T":"2023-09-10T17:09:09Z"}
{"p":"17.868","s":"SOLUSDT","q":"2","m":true,"T":"2023-09-10T17:09:09Z"}
{"p":"60.47","s":"LTCUSDT","q":"2.317","m":true,"T":"2023-09-10T17:09:09Z"}
{"p":"17.866","s":"SOLUSDT","q":"9","m":true,"T":"2023-09-10T17:09:09Z"}
{"p":"1605.26","s":"ETHUSDT","q":"0.012","m":true,"T":"2023-09-10T17:09:09Z"}
{"p":"25717","s":"BTCUSDT","q":"0.01","m":true,"T":"2023-09-10T17:09:09Z"}
{"p":"1605.27","s":"ETHUSDT","q":"12.72","m":false,"T":"2023-09-10T17:09:09Z"}
{"p":"25717","s":"BTCUSDT","q":"0.624","m":true,"T":"2023-09-10T17:09:09Z"}
{"p":"17.866","s":"SOLUSDT","q":"102","m":false,"T":"2023-09-10T17:09:09Z"}
{"p":"17.865","s":"SOLUSDT","q":"29","m":true,"T":"2023-09-10T17:09:09Z"}
{"p":"17.867","s":"SOLUSDT","q":"97","m":false,"T":"2023-09-10T17:09:09Z"}
{"p":"17.866","s":"SOLUSDT","q":"533","m":false,"T":"2023-09-10T17:09:09Z"}
{"p":"17.869","s":"SOLUSDT","q":"45","m":false,"T":"2023-09-10T17:09:09Z"}
{"p":"17.868","s":"SOLUSDT","q":"272","m":false,"T":"2023-09-10T17:09:09Z"}
{"p":"25716.9","s":"BTCUSDT","q":"0.043","m":true,"T":"2023-09-10T17:09:09Z"}
{"p":"1605.26","s":"ETHUSDT","q":"0.008","m":true,"T":"2023-09-10T17:09:09Z"}
{"p":"25716.7","s":"BTCUSDT","q":"0.002","m":true,"T":"2023-09-10T17:09:09Z"}
{"p":"25716.8","s":"BTCUSDT","q":"0.177","m":true,"T":"2023-09-10T17:09:09Z"}
{"p":"25716.5","s":"BTCUSDT","q":"0.028","m":true,"T":"2023-09-10T17:09:09Z"}
{"p":"25716.6","s":"BTCUSDT","q":"0.314","m":true,"T":"2023-09-10T17:09:09Z"}
{"p":"25716.3","s":"BTCUSDT","q":"0.021","m":true,"T":"2023-09-10T17:09:09Z"}
{"p":"25716.4","s":"BTCUSDT","q":"0.015","m":true,"T":"2023-09-10T17:09:09Z"}
{"p":"25716.2","s":"BTCUSDT","q":"0.07","m":true,"T":"2023-09-10T17:09:09Z"}
{"p":"17.868","s":"SOLUSDT","q":"1","m":true,"T":"2023-09-10T17:09:09Z"}
{"p":"17.87","s":"SOLUSDT","q":"59","m":false,"T":"2023-09-10T17:09:09Z"}
{"p":"17.867","s":"SOLUSDT","q":"200","m":true,"T":"2023-09-10T17:09:09Z"}
{"p":"17.866","s":"SOLUSDT","q":"47","m":true,"T":"2023-09-10T17:09:09Z"}
{"p":"60.47","s":"LTCUSDT","q":"0.827","m":true,"T":"2023-09-10T17:09:09Z"}
{"p":"25716.1","s":"BTCUSDT","q":"0.264","m":true,"T":"2023-09-10T17:09:09Z"}
{"p":"17.867","s":"SOLUSDT","q":"1","m":false,"T":"2023-09-10T17:09:09Z"}
{"p":"1605.25","s":"ETHUSDT","q":"2.806","m":true,"T":"2023-09-10T17:09:09Z"}
{"p":"1605.26","s":"ETHUSDT","q":"6.142","m":true,"T":"2023-09-10T17:09:09Z"}
{"p":"1605.24","s":"ETHUSDT","q":"0.814","m":true,"T":"2023-09-10T17:09:09Z"}
{"p":"25716.1","s":"BTCUSDT","q":"0.466","m":true,"T":"2023-09-10T17:09:09Z"}
{"p":"1605.21","s":"ETHUSDT","q":"0.91","m":true,"T":"2023-09-10T17:09:09Z"}
{"p":"1605.23","s":"ETHUSDT","q":"7.632","m":true,"T":"2023-09-10T17:09:09Z"}
{"p":"1605.19","s":"ETHUSDT","q":"0.004","m":true,"T":"2023-09-10T17:09:09Z"}
{"p":"1605.2","s":"ETHUSDT","q":"1.036","m":true,"T":"2023-09-10T17:09:09Z"}
{"p":"1605.18","s":"ETHUSDT","q":"0.01","m":true,"T":"2023-09-10T17:09:09Z"}
{"p":"1605.17","s":"ETHUSDT","q":"3.756","m":true,"T":"2023-09-10T17:09:09Z"}
{"p":"25716","s":"BTCUSDT","q":"26.457","m":true,"T":"2023-09-10T17:09:09Z"}
{"p":"1605.16","s":"ETHUSDT","q":"0.306","m":true,"T":"2023-09-10T17:09:09Z"}
{"p":"25715.8","s":"BTCUSDT","q":"0.003","m":true,"T":"2023-09-10T17:09:09Z"}
{"p":"25715.9","s":"BTCUSDT","q":"0.004","m":true,"T":"2023-09-10T17:09:09Z"}
{"p":"25715.6","s":"BTCUSDT","q":"0.002","m":true,"T":"2023-09-10T17:09:09Z"}
{"p":"25715.7","s":"BTCUSDT","q":"0.015","m":true,"T":"2023-09-10T17:09:09Z"}
{"p":"25715.4","s":"BTCUSDT","q":"1.485","m":true,"T":"2023-09-10T17:09:09Z"}
{"p":"25715.5","s":"BTCUSDT","q":"0.014","m":true,"T":"2023-09-10T17:09:09Z"}
{"p":"25715.2","s":"BTCUSDT","q":"0.08","m":true,"T":"2023-09-10T17:09:09Z"}
{"p":"25715.3","s":"BTCUSDT","q":"0.139","m":true,"T":"2023-09-10T17:09:09Z"}
{"p":"25715","s":"BTCUSDT","q":"0.211","m":true,"T":"2023-09-10T17:09:09Z"}
{"p":"25715.1","s":"BTCUSDT","q":"0.039","m":true,"T":"2023-09-10T17:09:09Z"}
{"p":"25714.8","s":"BTCUSDT","q":"0.237","m":true,"T":"2023-09-10T17:09:09Z"}
{"p":"25714.9","s":"BTCUSDT","q":"0.004","m":true,"T":"2023-09-10T17:09:09Z"}
{"p":"25714.6","s":"BTCUSDT","q":"0.012","m":true,"T":"2023-09-10T17:09:09Z"}
{"p":"25714.7","s":"BTCUSDT","q":"0.113","m":true,"T":"2023-09-10T17:09:09Z"}
{"p":"25714.4","s":"BTCUSDT","q":"0.322","m":true,"T":"2023-09-10T17:09:09Z"}
{"p":"25714.5","s":"BTCUSDT","q":"2.442","m":true,"T":"2023-09-10T17:09:09Z"}
{"p":"25714.2","s":"BTCUSDT","q":"0.011","m":true,"T":"2023-09-10T17:09:09Z"}
{"p":"25714.3","s":"BTCUSDT","q":"0.001","m":true,"T":"2023-09-10T17:09:09Z"}
{"p":"25714","s":"BTCUSDT","q":"0.013","m":true,"T":"2023-09-10T17:09:09Z"}
{"p":"25714.1","s":"BTCUSDT","q":"0.004","m":true,"T":"2023-09-10T17:09:09Z"}
{"p":"25713.8","s":"BTCUSDT","q":"0.001","m":true,"T":"2023-09-10T17:09:09Z"}
{"p":"25713.9","s":"BTCUSDT","q":"0.156","m":true,"T":"2023-09-10T17:09:09Z"}
{"p":"25713.6","s":"BTCUSDT","q":"0.014","m":true,"T":"2023-09-10T17:09:09Z"}
{"p":"25713.7","s":"BTCUSDT","q":"0.069","m":true,"T":"2023-09-10T17:09:09Z"}
{"p":"25713.4","s":"BTCUSDT","q":"0.082","m":true,"T":"2023-09-10T17:09:09Z"}
{"p":"25713.5","s":"BTCUSDT","q":"0.016","m":true,"T":"2023-09-10T17:09:09Z"}
{"p":"25713.2","s":"BTCUSDT","q":"0.002","m":true,"T":"2023-09-10T17:09:09Z"}
{"p":"25713","s":"BTCUSDT","q":"0.249","m":true,"T":"2023-09-10T17:09:09Z"}
{"p":"25713.3","s":"BTCUSDT","q":"0.126","m":true,"T":"2023-09-10T17:09:09Z"}
{"p":"25713.1","s":"BTCUSDT","q":"0.115","m":true,"T":"2023-09-10T17:09:09Z"}
{"p":"25712.8","s":"BTCUSDT","q":"0.015","m":true,"T":"2023-09-10T17:09:09Z"}
{"p":"25712.9","s":"BTCUSDT","q":"0.017","m":true,"T":"2023-09-10T17:09:09Z"}
{"p":"25712.6","s":"BTCUSDT","q":"0.082","m":true,"T":"2023-09-10T17:09:09Z"}
{"p":"25712.7","s":"BTCUSDT","q":"0.007","m":true,"T":"2023-09-10T17:09:09Z"}
{"p":"25712.4","s":"BTCUSDT","q":"0.001","m":true,"T":"2023-09-10T17:09:09Z"}
{"p":"25712.5","s":"BTCUSDT","q":"0.208","m":true,"T":"2023-09-10T17:09:09Z"}
{"p":"25712.2","s":"BTCUSDT","q":"1.246","m":true,"T":"2023-09-10T17:09:09Z"}
{"p":"25712.1","s":"BTCUSDT","q":"1.553","m":true,"T":"2023-09-10T17:09:09Z"}
{"p":"1605.14","s":"ETHUSDT","q":"0.083","m":true,"T":"2023-09-10T17:09:09Z"}
{"p":"1605.15","s":"ETHUSDT","q":"0.024","m":true,"T":"2023-09-10T17:09:09Z"}
{"p":"1605.13","s":"ETHUSDT","q":"0.028","m":true,"T":"2023-09-10T17:09:09Z"}
{"p":"1605.11","s":"ETHUSDT","q":"0.004","m":true,"T":"2023-09-10T17:09:09Z"}
{"p":"1605.12","s":"ETHUSDT","q":"5.112","m":true,"T":"2023-09-10T17:09:09Z"}
{"p":"1605.09","s":"ETHUSDT","q":"0.029","m":true,"T":"2023-09-10T17:09:09Z"}
{"p":"1605.1","s":"ETHUSDT","q":"2.509","m":true,"T":"2023-09-10T17:09:09Z"}
{"p":"1605.08","s":"ETHUSDT","q":"0.081","m":true,"T":"2023-09-10T17:09:09Z"}
{"p":"1605.07","s":"ETHUSDT","q":"12.473","m":true,"T":"2023-09-10T17:09:09Z"}
{"p":"1605.05","s":"ETHUSDT","q":"1.616","m":true,"T":"2023-09-10T17:09:09Z"}
{"p":"1605.06","s":"ETHUSDT","q":"0.015","m":true,"T":"2023-09-10T17:09:09Z"}
{"p":"1605.04","s":"ETHUSDT","q":"5.412","m":true,"T":"2023-09-10T17:09:09Z"}
{"p":"25711.9","s":"BTCUSDT","q":"2.581","m":true,"T":"2023-09-10T17:09:09Z"}
{"p":"25712","s":"BTCUSDT","q":"0.136","m":true,"T":"2023-09-10T17:09:09Z"}
{"p":"25711.6","s":"BTCUSDT","q":"0.044","m":true,"T":"2023-09-10T17:09:09Z"}
{"p":"25711.7","s":"BTCUSDT","q":"0.031","m":true,"T":"2023-09-10T17:09:09Z"}
{"p":"25711.4","s":"BTCUSDT","q":"0.782","m":true,"T":"2023-09-10T17:09:09Z"}
{"p":"25711.5","s":"BTCUSDT","q":"0.322","m":true,"T":"2023-09-10T17:09:09Z"}
{"p":"25711.3","s":"BTCUSDT","q":"1.218","m":true,"T":"2023-09-10T17:09:09Z"}
{"p":"25711.1","s":"BTCUSDT","q":"0.78","m":true,"T":"2023-09-10T17:09:09Z"}
{"p":"25711.2","s":"BTCUSDT","q":"0.088","m":true,"T":"2023-09-10T17:09:09Z"}
{"p":"25710.9","s":"BTCUSDT","q":"0.061","m":true,"T":"2023-09-10T17:09:09Z"}
{"p":"25710.8","s":"BTCUSDT","q":"2.854","m":true,"T":"2023-09-10T17:09:09Z"}
{"p":"25711","s":"BTCUSDT","q":"0.418","m":true,"T":"2023-09-10T17:09:09Z"}
{"p":"25710.7","s":"BTCUSDT","q":"0.313","m":true,"T":"2023-09-10T17:09:09Z"}
{"p":"25710.5","s":"BTCUSDT","q":"0.174","m":true,"T":"2023-09-10T17:09:09Z"}
{"p":"25710.3","s":"BTCUSDT","q":"5.244","m":true,"T":"2023-09-10T17:09:09Z"}
{"p":"25710.6","s":"BTCUSDT","q":"0.191","m":true,"T":"2023-09-10T17:09:09Z"}
{"p":"25710.4","s":"BTCUSDT","q":"0.078","m":true,"T":"2023-09-10T17:09:09Z"}
{"p":"25710","s":"BTCUSDT","q":"0.921","m":true,"T":"2023-09-10T17:09:09Z"}
{"p":"25710.1","s":"BTCUSDT","q":"0.001","m":true,"T":"2023-09-10T17:09:09Z"}
{"p":"25709.9","s":"BTCUSDT","q":"0.119","m":true,"T":"2023-09-10T17:09:09Z"}
{"p":"25709.8","s":"BTCUSDT","q":"0.039","m":true,"T":"2023-09-10T17:09:09Z"}
{"p":"25709.6","s":"BTCUSDT","q":"0.001","m":true,"T":"2023-09-10T17:09:09Z"}
{"p":"25709.7","s":"BTCUSDT","q":"0.019","m":true,"T":"2023-09-10T17:09:09Z"}
{"p":"25709.4","s":"BTCUSDT","q":"1.904","m":true,"T":"2023-09-10T17:09:09Z"}
{"p":"25709.5","s":"BTCUSDT","q":"3.066","m":true,"T":"2023-09-10T17:09:09Z"}
{"p":"25709.2","s":"BTCUSDT","q":"0.015","m":true,"T":"2023-09-10T17:09:09Z"}
{"p":"25709.3","s":"BTCUSDT","q":"3.421","m":true,"T":"2023-09-10T17:09:09Z"}
{"p":"25709","s":"BTCUSDT","q":"0.014","m":true,"T":"2023-09-10T17:09:09Z"}
{"p":"25709.1","s":"BTCUSDT","q":"0.001","m":true,"T":"2023-09-10T17:09:09Z"}
{"p":"25708.8","s":"BTCUSDT","q":"5.362","m":true,"T":"2023-09-10T17:09:09Z"}
{"p":"25708.9","s":"BTCUSDT","q":"0.042","m":true,"T":"2023-09-10T17:09:09Z"}
{"p":"60.47","s":"LTCUSDT","q":"56.773","m":true,"T":"2023-09-10T17:09:09Z"}
{"p":"1605.03","s":"ETHUSDT","q":"0.169","m":true,"T":"2023-09-10T17:09:09Z"}
{"p":"17.866","s":"SOLUSDT","q":"50","m":true,"T":"2023-09-10T17:09:09Z"}
{"p":"25710.1","s":"BTCUSDT","q":"0.265","m":false,"T":"2023-09-10T17:09:09Z"}
{"p":"1605.02","s":"ETHUSDT","q":"0.012","m":true,"T":"2023-09-10T17:09:09Z"}
{"p":"17.865","s":"SOLUSDT","q":"121","m":true,"T":"2023-09-10T17:09:09Z"}
{"p":"1605.02","s":"ETHUSDT","q":"0.653","m":true,"T":"2023-09-10T17:09:09Z"}
{"p":"1605.02","s":"ETHUSDT","q":"7.571","m":true,"T":"2023-09-10T17:09:09Z"}
{"p":"1605.03","s":"ETHUSDT","q":"0.499","m":false,"T":"2023-09-10T17:09:09Z"}
{"p":"1605","s":"ETHUSDT","q":"106.692","m":true,"T":"2023-09-10T17:09:09Z"}
{"p":"1604.98","s":"ETHUSDT","q":"0.171","m":true,"T":"2023-09-10T17:09:09Z"}
{"p":"1605.01","s":"ETHUSDT","q":"0.075","m":true,"T":"2023-09-10T17:09:09Z"}
{"p":"1604.99","s":"ETHUSDT","q":"0.008","m":true,"T":"2023-09-10T17:09:09Z"}
{"p":"1604.96","s":"ETHUSDT","q":"0.526","m":true,"T":"2023-09-10T17:09:09Z"}
{"p":"1604.97","s":"ETHUSDT","q":"0.835","m":true,"T":"2023-09-10T17:09:09Z"}
{"p":"1604.94","s":"ETHUSDT","q":"0.02","m":true,"T":"2023-09-10T17:09:09Z"}
{"p":"1604.92","s":"ETHUSDT","q":"1.043","m":true,"T":"2023-09-10T17:09:09Z"}
{"p":"1604.95","s":"ETHUSDT","q":"0.058","m":true,"T":"2023-09-10T17:09:09Z"}
{"p":"1604.93","s":"ETHUSDT","q":"0.063","m":true,"T":"2023-09-10T17:09:09Z"}
{"p":"1604.91","s":"ETHUSDT","q":"1.038","m":true,"T":"2023-09-10T17:09:09Z"}
{"p":"1604.89","s":"ETHUSDT","q":"0.02","m":true,"T":"2023-09-10T17:09:09Z"}
{"p":"1604.9","s":"ETHUSDT","q":"1.021","m":true,"T":"2023-09-10T17:09:09Z"}
{"p":"1604.87","s":"ETHUSDT","q":"3.354","m":true,"T":"2023-09-10T17:09:09Z"}
{"p":"1604.88","s":"ETHUSDT","q":"4.041","m":true,"T":"2023-09-10T17:09:09Z"}
{"p":"1604.85","s":"ETHUSDT","q":"2.416","m":true,"T":"2023-09-10T17:09:09Z"}
{"p":"1604.86","s":"ETHUSDT","q":"9.373","m":true,"T":"2023-09-10T17:09:09Z"}
{"p":"1604.83","s":"ETHUSDT","q":"1.617","m":true,"T":"2023-09-10T17:09:09Z"}
{"p":"1604.84","s":"ETHUSDT","q":"5.935","m":true,"T":"2023-09-10T17:09:09Z"}
{"p":"1604.81","s":"ETHUSDT","q":"0.623","m":true,"T":"2023-09-10T17:09:09Z"}
{"p":"1604.82","s":"ETHUSDT","q":"1.549","m":true,"T":"2023-09-10T17:09:09Z"}
{"p":"1604.79","s":"ETHUSDT","q":"24.451","m":true,"T":"2023-09-10T17:09:09Z"}
{"p":"1604.8","s":"ETHUSDT","q":"5.406","m":true,"T":"2023-09-10T17:09:09Z"}
{"p":"1604.77","s":"ETHUSDT","q":"25.58","m":true,"T":"2023-09-10T17:09:09Z"}
{"p":"1604.78","s":"ETHUSDT","q":"20.531","m":true,"T":"2023-09-10T17:09:09Z"}
{"p":"1604.75","s":"ETHUSDT","q":"8.525","m":true,"T":"2023-09-10T17:09:09Z"}
{"p":"1604.76","s":"ETHUSDT","q":"53.726","m":true,"T":"2023-09-10T17:09:09Z"}
{"p":"1604.73","s":"ETHUSDT","q":"0.311","m":true,"T":"2023-09-10T17:09:09Z"}
{"p":"1604.74","s":"ETHUSDT","q":"2.185","m":true,"T":"2023-09-10T17:09:09Z"}
{"p":"1604.71","s":"ETHUSDT","q":"0.307","m":true,"T":"2023-09-10T17:09:09Z"}
{"p":"1604.72","s":"ETHUSDT","q":"10.755","m":true,"T":"2023-09-10T17:09:09Z"}
{"p":"1604.7","s":"ETHUSDT","q":"1.006","m":true,"T":"2023-09-10T17:09:09Z"}
{"p":"1604.68","s":"ETHUSDT","q":"1.102","m":true,"T":"2023-09-10T17:09:09Z"}
{"p":"1604.69","s":"ETHUSDT","q":"9.851","m":true,"T":"2023-09-10T17:09:09Z"}
{"p":"1604.66","s":"ETHUSDT","q":"2.128","m":true,"T":"2023-09-10T17:09:09Z"}
{"p":"1604.64","s":"ETHUSDT","q":"12.589","m":true,"T":"2023-09-10T17:09:09Z"}
{"p":"1604.67","s":"ETHUSDT","q":"0.399","m":true,"T":"2023-09-10T17:09:09Z"}
{"p":"1604.62","s":"ETHUSDT","q":"11.831","m":true,"T":"2023-09-10T17:09:09Z"}
{"p":"1604.65","s":"ETHUSDT","q":"4.405","m":true,"T":"2023-09-10T17:09:09Z"}
{"p":"1604.63","s":"ETHUSDT","q":"19.052","m":true,"T":"2023-09-10T17:09:09Z"}
{"p":"1604.61","s":"ETHUSDT","q":"4.077","m":true,"T":"2023-09-10T17:09:09Z"}
{"p":"1604.6","s":"ETHUSDT","q":"1.658","m":true,"T":"2023-09-10T17:09:09Z"}
{"p":"1604.58","s":"ETHUSDT","q":"21.399","m":true,"T":"2023-09-10T17:09:09Z"}
{"p":"1604.59","s":"ETHUSDT","q":"3.218","m":true,"T":"2023-09-10T17:09:09Z"}
{"p":"1604.57","s":"ETHUSDT","q":"1.983","m":true,"T":"2023-09-10T17:09:09Z"}
{"p":"1604.55","s":"ETHUSDT","q":"11.4","m":true,"T":"2023-09-10T17:09:09Z"}
{"p":"1604.53","s":"ETHUSDT","q":"6.383","m":true,"T":"2023-09-10T17:09:09Z"}
{"p":"1604.56","s":"ETHUSDT","q":"11.665","m":true,"T":"2023-09-10T17:09:09Z"}
{"p":"1604.54","s":"ETHUSDT","q":"0.305","m":true,"T":"2023-09-10T17:09:09Z"}
{"p":"1604.51","s":"ETHUSDT","q":"13.524","m":true,"T":"2023-09-10T17:09:09Z"}
{"p":"1604.49","s":"ETHUSDT","q":"37.368","m":true,"T":"2023-09-10T17:09:09Z"}
{"p":"1604.52","s":"ETHUSDT","q":"0.318","m":true,"T":"2023-09-10T17:09:09Z"}
{"p":"1604.5","s":"ETHUSDT","q":"9.557","m":true,"T":"2023-09-10T17:09:09Z"}
{"p":"1604.47","s":"ETHUSDT","q":"1.462","m":true,"T":"2023-09-10T17:09:09Z"}
{"p":"1604.46","s":"ETHUSDT","q":"10.994","m":true,"T":"2023-09-10T17:09:09Z"}
{"p":"1604.45","s":"ETHUSDT","q":"34.111","m":true,"T":"2023-09-10T17:09:09Z"}
{"p":"1604.48","s":"ETHUSDT","q":"33.168","m":true,"T":"2023-09-10T17:09:09Z"}
{"p":"1604.44","s":"ETHUSDT","q":"31.17","m":true,"T":"2023-09-10T17:09:09Z"}
{"p":"1604.43","s":"ETHUSDT","q":"6.75","m":true,"T":"2023-09-10T17:09:09Z"}
{"p":"60.47","s":"LTCUSDT","q":"145.634","m":true,"T":"2023-09-10T17:09:09Z"}
{"p":"1604.7","s":"ETHUSDT","q":"0.019","m":false,"T":"2023-09-10T17:09:09Z"}
{"p":"25708.8","s":"BTCUSDT","q":"0.001","m":true,"T":"2023-09-10T17:09:09Z"}
{"p":"1604.68","s":"ETHUSDT","q":"0.02","m":true,"T":"2023-09-10T17:09:10Z"}
{"p":"1604.69","s":"ETHUSDT","q":"0.02","m":true,"T":"2023-09-10T17:09:10Z"}
{"p":"1604.66","s":"ETHUSDT","q":"0.02","m":true,"T":"2023-09-10T17:09:10Z"}
{"p":"1604.67","s":"ETHUSDT","q":"0.02","m":true,"T":"2023-09-10T17:09:10Z"}
{"p":"1604.62","s":"ETHUSDT","q":"0.242","m":true,"T":"2023-09-10T17:09:10Z"}
{"p":"1604.65","s":"ETHUSDT","q":"0.02","m":true,"T":"2023-09-10T17:09:10Z"}
{"p":"17.865","s":"SOLUSDT","q":"14","m":false,"T":"2023-09-10T17:09:09Z"}
{"p":"1604.61","s":"ETHUSDT","q":"0.155","m":true,"T":"2023-09-10T17:09:10Z"}
{"p":"1604.48","s":"ETHUSDT","q":"0.503","m":true,"T":"2023-09-10T17:09:10Z"}
{"p":"17.864","s":"SOLUSDT","q":"1","m":true,"T":"2023-09-10T17:09:10Z"}
{"p":"25709.5","s":"BTCUSDT","q":"0.175","m":false,"T":"2023-09-10T17:09:10Z"}
{"p":"1604.68","s":"ETHUSDT","q":"0.004","m":true,"T":"2023-09-10T17:09:10Z"}
{"p":"25709.3","s":"BTCUSDT","q":"0.011","m":true,"T":"2023-09-10T17:09:10Z"}
{"p":"25709.4","s":"BTCUSDT","q":"7.746","m":true,"T":"2023-09-10T17:09:10Z"}
{"p":"1604.7","s":"ETHUSDT","q":"0.005","m":false,"T":"2023-09-10T17:09:10Z"}
{"p":"25709.2","s":"BTCUSDT","q":"0.456","m":true,"T":"2023-09-10T17:09:10Z"}
{"p":"25709.5","s":"BTCUSDT","q":"0.028","m":false,"T":"2023-09-10T17:09:10Z"}
{"p":"1604.69","s":"ETHUSDT","q":"9.679","m":true,"T":"2023-09-10T17:09:10Z"}
{"p":"17.863","s":"SOLUSDT","q":"136","m":true,"T":"2023-09-10T17:09:10Z"}
{"p":"60.46","s":"LTCUSDT","q":"15.389","m":true,"T":"2023-09-10T17:09:10Z"}
{"p":"1604.7","s":"ETHUSDT","q":"0.317","m":false,"T":"2023-09-10T17:09:10Z"}
{"p":"17.861","s":"SOLUSDT","q":"290","m":true,"T":"2023-09-10T17:09:10Z"}
{"p":"17.862","s":"SOLUSDT","q":"16","m":true,"T":"2023-09-10T17:09:10Z"}
{"p":"17.859","s":"SOLUSDT","q":"139","m":true,"T":"2023-09-10T17:09:10Z"}
{"p":"17.86","s":"SOLUSDT","q":"149","m":true,"T":"2023-09-10T17:09:10Z"}
{"p":"25709.3","s":"BTCUSDT","q":"0.229","m":false,"T":"2023-09-10T17:09:10Z"}
{"p":"25709.3","s":"BTCUSDT","q":"0.011","m":false,"T":"2023-09-10T17:09:10Z"}
{"p":"1604.7","s":"ETHUSDT","q":"3.122","m":false,"T":"2023-09-10T17:09:10Z"}
{"p":"1604.69","s":"ETHUSDT","q":"2","m":true,"T":"2023-09-10T17:09:10Z"}
{"p":"25709.1","s":"BTCUSDT","q":"0.004","m":true,"T":"2023-09-10T17:09:10Z"}
{"p":"25709.2","s":"BTCUSDT","q":"7.229","m":true,"T":"2023-09-10T17:09:10Z"}
{"p":"25708.9","s":"BTCUSDT","q":"0.064","m":true,"T":"2023-09-10T17:09:10Z"}
{"p":"25709","s":"BTCUSDT","q":"0.061","m":true,"T":"2023-09-10T17:09:10Z"}
{"p":"25708.9","s":"BTCUSDT","q":"5.107","m":false,"T":"2023-09-10T17:09:10Z"}
{"p":"25708.8","s":"BTCUSDT","q":"0.482","m":true,"T":"2023-09-10T17:09:10Z"}
{"p":"25709.1","s":"BTCUSDT","q":"1.104","m":false,"T":"2023-09-10T17:09:10Z"}
{"p":"25709","s":"BTCUSDT","q":"4.121","m":false,"T":"2023-09-10T17:09:10Z"}
{"p":"17.86","s":"SOLUSDT","q":"2","m":false,"T":"2023-09-10T17:09:10Z"}
{"p":"17.858","s":"SOLUSDT","q":"30","m":true,"T":"2023-09-10T17:09:10Z"}
{"p":"25708.9","s":"BTCUSDT","q":"1.146","m":false,"T":"2023-09-10T17:09:10Z"}
{"p":"25708.8","s":"BTCUSDT","q":"0.15","m":true,"T":"2023-09-10T17:09:10Z"}
{"p":"1604.71","s":"ETHUSDT","q":"0.01","m":false,"T":"2023-09-10T17:09:10Z"}
{"p":"1604.7","s":"ETHUSDT","q":"62.389","m":false,"T":"2023-09-10T17:09:10Z"}
{"p":"1604.73","s":"ETHUSDT","q":"0.01","m":false,"T":"2023-09-10T17:09:10Z"}
{"p":"1604.72","s":"ETHUSDT","q":"0.01","m":false,"T":"2023-09-10T17:09:10Z"}
{"p":"1604.75","s":"ETHUSDT","q":"0.01","m":false,"T":"2023-09-10T17:09:10Z"}
{"p":"1604.74","s":"ETHUSDT","q":"0.01","m":false,"T":"2023-09-10T17:09:10Z"}
{"p":"1604.77","s":"ETHUSDT","q":"0.072","m":false,"T":"2023-09-10T17:09:10Z"}
{"p":"1604.76","s":"ETHUSDT","q":"3.909","m":false,"T":"2023-09-10T17:09:10Z"}
{"p":"1604.79","s":"ETHUSDT","q":"0.01","m":false,"T":"2023-09-10T17:09:10Z"}
{"p":"1604.78","s":"ETHUSDT","q":"0.01","m":false,"T":"2023-09-10T17:09:10Z"}
{"p":"1604.81","s":"ETHUSDT","q":"3.956","m":false,"T":"2023-09-10T17:09:10Z"}
{"p":"1604.8","s":"ETHUSDT","q":"0.836","m":false,"T":"2023-09-10T17:09:10Z"}
{"p":"1604.83","s":"ETHUSDT","q":"0.842","m":false,"T":"2023-09-10T17:09:10Z"}
{"p":"1604.82","s":"ETHUSDT","q":"0.01","m":false,"T":"2023-09-10T17:09:10Z"}
{"p":"1604.85","s":"ETHUSDT","q":"3.015","m":false,"T":"2023-09-10T17:09:10Z"}
{"p":"1604.84","s":"ETHUSDT","q":"0.05","m":false,"T":"2023-09-10T17:09:10Z"}
{"p":"1604.86","s":"ETHUSDT","q":"0.01","m":false,"T":"2023-09-10T17:09:10Z"}
{"p":"25709.1","s":"BTCUSDT","q":"0.097","m":false,"T":"2023-09-10T17:09:10Z"}
{"p":"1604.88","s":"ETHUSDT","q":"3.967","m":false,"T":"2023-09-10T17:09:10Z"}
{"p":"1604.87","s":"ETHUSDT","q":"3.329","m":false,"T":"2023-09-10T17:09:10Z"}
{"p":"1604.9","s":"ETHUSDT","q":"0.336","m":false,"T":"2023-09-10T17:09:10Z"}
{"p":"1604.89","s":"ETHUSDT","q":"0.01","m":false,"T":"2023-09-10T17:09:10Z"}
{"p":"1604.92","s":"ETHUSDT","q":"0.01","m":false,"T":"2023-09-10T17:09:10Z"}
{"p":"1604.91","s":"ETHUSDT","q":"0.006","m":false,"T":"2023-09-10T17:09:10Z"}
{"p":"17.861","s":"SOLUSDT","q":"117","m":false,"T":"2023-09-10T17:09:10Z"}
{"p":"17.862","s":"SOLUSDT","q":"1","m":false,"T":"2023-09-10T17:09:10Z"}
{"p":"1604.95","s":"ETHUSDT","q":"0.378","m":false,"T":"2023-09-10T17:09:10Z"}
{"p":"1604.93","s":"ETHUSDT","q":"3.909","m":false,"T":"2023-09-10T17:09:10Z"}
{"p":"1604.97","s":"ETHUSDT","q":"0.01","m":false,"T":"2023-09-10T17:09:10Z"}
{"p":"1604.96","s":"ETHUSDT","q":"0.01","m":false,"T":"2023-09-10T17:09:10Z"}
{"p":"1604.98","s":"ETHUSDT","q":"0.05","m":false,"T":"2023-09-10T17:09:10Z"}
{"p":"1604.99","s":"ETHUSDT","q":"0.186","m":false,"T":"2023-09-10T17:09:10Z"}
{"p":"1605","s":"ETHUSDT","q":"4","m":false,"T":"2023-09-10T17:09:10Z"}
{"p":"1604.99","s":"ETHUSDT","q":"3.293","m":true,"T":"2023-09-10T17:09:10Z"}
{"p":"25708.8","s":"BTCUSDT","q":"0.058","m":true,"T":"2023-09-10T17:09:10Z"}
{"p":"1605","s":"ETHUSDT","q":"8","m":false,"T":"2023-09-10T17:09:10Z"}
{"p":"60.45","s":"LTCUSDT","q":"2","m":true,"T":"2023-09-10T17:09:10Z"}
{"p":"17.862","s":"SOLUSDT","q":"163","m":true,"T":"2023-09-10T17:09:10Z"}
{"p":"25708.9","s":"BTCUSDT","q":"1.748","m":false,"T":"2023-09-10T17:09:10Z"}
{"p":"25708.8","s":"BTCUSDT","q":"0.028","m":true,"T":"2023-09-10T17:09:10Z"}
{"p":"25708.9","s":"BTCUSDT","q":"0.055","m":true,"T":"2023-09-10T17:09:10Z"}
{"p":"25708.9","s":"BTCUSDT","q":"0.56","m":false,"T":"2023-09-10T17:09:10Z"}
{"p":"25709.1","s":"BTCUSDT","q":"0.003","m":false,"T":"2023-09-10T17:09:10Z"}
{"p":"25709.3","s":"BTCUSDT","q":"0.011","m":false,"T":"2023-09-10T17:09:10Z"}
{"p":"25709.2","s":"BTCUSDT","q":"0.002","m":true,"T":"2023-09-10T17:09:10Z"}
{"p":"25709.3","s":"BTCUSDT","q":"0.309","m":false,"T":"2023-09-10T17:09:10Z"}
{"p":"25709.4","s":"BTCUSDT","q":"0.012","m":false,"T":"2023-09-10T17:09:10Z"}
{"p":"1605.03","s":"ETHUSDT","q":"7.6","m":false,"T":"2023-09-10T17:09:10Z"}
{"p":"1605.03","s":"ETHUSDT","q":"0.003","m":false,"T":"2023-09-10T17:09:10Z"}
{"p":"25709.3","s":"BTCUSDT","q":"0.004","m":true,"T":"2023-09-10T17:09:10Z"}
{"p":"25709.4","s":"BTCUSDT","q":"0.081","m":false,"T":"2023-09-10T17:09:10Z"}
{"p":"25709.3","s":"BTCUSDT","q":"2.81","m":true,"T":"2023-09-10T17:09:10Z"}
{"p":"25709.5","s":"BTCUSDT","q":"0.012","m":false,"T":"2023-09-10T17:09:10Z"}
{"p":"25709.4","s":"BTCUSDT","q":"0.118","m":false,"T":"2023-09-10T17:09:10Z"}
{"p":"25709.7","s":"BTCUSDT","q":"0.001","m":false,"T":"2023-09-10T17:09:10Z"}
{"p":"25709.6","s":"BTCUSDT","q":"0.001","m":false,"T":"2023-09-10T17:09:10Z"}
{"p":"25709.8","s":"BTCUSDT","q":"0.001","m":false,"T":"2023-09-10T17:09:10Z"}
{"p":"25709.9","s":"BTCUSDT","q":"0.001","m":false,"T":"2023-09-10T17:09:10Z"}
{"p":"25710","s":"BTCUSDT","q":"24.194","m":true,"T":"2023-09-10T17:09:10Z"}
{"p":"25710","s":"BTCUSDT","q":"0.002","m":false,"T":"2023-09-10T17:09:10Z"}
{"p":"25709.8","s":"BTCUSDT","q":"0.12","m":true,"T":"2023-09-10T17:09:10Z"}
{"p":"25709.9","s":"BTCUSDT","q":"1.756","m":true,"T":"2023-09-10T17:09:10Z"}
{"p":"25709.6","s":"BTCUSDT","q":"0.001","m":true,"T":"2023-09-10T17:09:10Z"}
{"p":"25709.7","s":"BTCUSDT","q":"0.102","m":true,"T":"2023-09-10T17:09:10Z"}
{"p":"25709.5","s":"BTCUSDT","q":"0.1","m":true,"T":"2023-09-10T17:09:10Z"}
{"p":"1605.02","s":"ETHUSDT","q":"0.008","m":true,"T":"2023-09-10T17:09:10Z"}
{"p":"25709.5","s":"BTCUSDT","q":"0.002","m":false,"T":"2023-09-10T17:09:10Z"}
{"p":"25709.4","s":"BTCUSDT","q":"0.393","m":true,"T":"2023-09-10T17:09:10Z"}
{"p":"17.863","s":"SOLUSDT","q":"7","m":false,"T":"2023-09-10T17:09:10Z"}
{"p":"1605.03","s":"ETHUSDT","q":"0.195","m":false,"T":"2023-09-10T17:09:10Z"}
{"p":"1605.02","s":"ETHUSDT","q":"4.339","m":true,"T":"2023-09-10T17:09:10Z"}
{"p":"1605.01","s":"ETHUSDT","q":"0.01","m":true,"T":"2023-09-10T17:09:10Z"}
{"p":"1605.02","s":"ETHUSDT","q":"2.487","m":true,"T":"2023-09-10T17:09:10Z"}
{"p":"1604.97","s":"ETHUSDT","q":"0.01","m":true,"T":"2023-09-10T17:09:10Z"}
{"p":"1605","s":"ETHUSDT","q":"0.014","m":true,"T":"2023-09-10T17:09:10Z"}
{"p":"1604.95","s":"ETHUSDT","q":"0.01","m":true,"T":"2023-09-10T17:09:10Z"}
{"p":"1604.96","s":"ETHUSDT","q":"0.04","m":true,"T":"2023-09-10T17:09:10Z"}
{"p":"1604.94","s":"ETHUSDT","q":"0.01","m":true,"T":"2023-09-10T17:09:10Z"}
{"p":"25709.4","s":"BTCUSDT","q":"0.028","m":true,"T":"2023-09-10T17:09:10Z"}
{"p":"25709.5","s":"BTCUSDT","q":"0.002","m":false,"T":"2023-09-10T17:09:10Z"}
{"p":"17.861","s":"SOLUSDT","q":"1","m":true,"T":"2023-09-10T17:09:11Z"}
{"p":"17.862","s":"SOLUSDT","q":"44","m":true,"T":"2023-09-10T17:09:11Z"}
{"p":"17.86","s":"SOLUSDT","q":"317","m":true,"T":"2023-09-10T17:09:11Z"}
{"p":"17.858","s":"SOLUSDT","q":"394","m":true,"T":"2023-09-10T17:09:11Z"}
{"p":"17.859","s":"SOLUSDT","q":"545","m":true,"T":"2023-09-10T17:09:11Z"}
{"p":"17.857","s":"SOLUSDT","q":"257","m":true,"T":"2023-09-10T17:09:11Z"}
{"p":"25709.4","s":"BTCUSDT","q":"1.964","m":true,"T":"2023-09-10T17:09:11Z"}
{"p":"1604.93","s":"ETHUSDT","q":"0.004","m":true,"T":"2023-09-10T17:09:10Z"}
{"p":"1604.9","s":"ETHUSDT","q":"2.317","m":true,"T":"2023-09-10T17:09:11Z"}
{"p":"17.856","s":"SOLUSDT","q":"93","m":true,"T":"2023-09-10T17:09:11Z"}
{"p":"25709.5","s":"BTCUSDT","q":"0.146","m":false,"T":"2023-09-10T17:09:11Z"}
{"p":"17.857","s":"SOLUSDT","q":"76","m":false,"T":"2023-09-10T17:09:11Z"}
{"p":"60.46","s":"LTCUSDT","q":"0.312","m":false,"T":"2023-09-10T17:09:10Z"}
{"p":"17.857","s":"SOLUSDT","q":"356","m":true,"T":"2023-09-10T17:09:11Z"}
{"p":"1604.91","s":"ETHUSDT","q":"3.544","m":false,"T":"2023-09-10T17:09:11Z"}
{"p":"25709.4","s":"BTCUSDT","q":"0.055","m":true,"T":"2023-09-10T17:09:11Z"}
{"p":"25709.3","s":"BTCUSDT","q":"0.095","m":true,"T":"2023-09-10T17:09:11Z"}
{"p":"25709.4","s":"BTCUSDT","q":"0.528","m":true,"T":"2023-09-10T17:09:11Z"}
{"p":"25709.1","s":"BTCUSDT","q":"0.001","m":true,"T":"2023-09-10T17:09:11Z"}
{"p":"25709.2","s":"BTCUSDT","q":"0.018","m":true,"T":"2023-09-10T17:09:11Z"}
{"p":"25709","s":"BTCUSDT","q":"0.14","m":true,"T":"2023-09-10T17:09:11Z"}
{"p":"25708.9","s":"BTCUSDT","q":"0.148","m":true,"T":"2023-09-10T17:09:11Z"}
{"p":"25709","s":"BTCUSDT","q":"0.014","m":false,"T":"2023-09-10T17:09:11Z"}
{"p":"1604.9","s":"ETHUSDT","q":"0.934","m":true,"T":"2023-09-10T17:09:11Z"}
{"p":"25708.9","s":"BTCUSDT","q":"0.024","m":true,"T":"2023-09-10T17:09:11Z"}
{"p":"25709","s":"BTCUSDT","q":"0.086","m":false,"T":"2023-09-10T17:09:11Z"}
{"p":"17.858","s":"SOLUSDT","q":"1","m":false,"T":"2023-09-10T17:09:11Z"}
{"p":"60.45","s":"LTCUSDT","q":"0.324","m":true,"T":"2023-09-10T17:09:11Z"}
{"p":"17.858","s":"SOLUSDT","q":"259","m":false,"T":"2023-09-10T17:09:11Z"}
{"p":"17.857","s":"SOLUSDT","q":"47","m":true,"T":"2023-09-10T17:09:11Z"}
{"p":"17.859","s":"SOLUSDT","q":"23","m":false,"T":"2023-09-10T17:09:11Z"}
{"p":"1604.91","s":"ETHUSDT","q":"7.62","m":false,"T":"2023-09-10T17:09:11Z"}
{"p":"25708.9","s":"BTCUSDT","q":"0.541","m":true,"T":"2023-09-10T17:09:11Z"}
{"p":"25708.9","s":"BTCUSDT","q":"0.12","m":true,"T":"2023-09-10T17:09:11Z"}
{"p":"17.86","s":"SOLUSDT","q":"284","m":false,"T":"2023-09-10T17:09:11Z"}
{"p":"25709","s":"BTCUSDT","q":"0.011","m":false,"T":"2023-09-10T17:09:11Z"}
{"p":"17.86","s":"SOLUSDT","q":"144","m":true,"T":"2023-09-10T17:09:11Z"}
{"p":"25708.9","s":"BTCUSDT","q":"0.001","m":true,"T":"2023-09-10T17:09:11Z"}
{"p":"25709","s":"BTCUSDT","q":"0.062","m":false,"T":"2023-09-10T17:09:11Z"}
{"p":"1604.9","s":"ETHUSDT","q":"0.053","m":true,"T":"2023-09-10T17:09:11Z"}
{"p":"60.46","s":"LTCUSDT","q":"0.145","m":false,"T":"2023-09-10T17:09:11Z"}
{"p":"17.859","s":"SOLUSDT","q":"89","m":true,"T":"2023-09-10T17:09:11Z"}
{"p":"1604.91","s":"ETHUSDT","q":"0.006","m":false,"T":"2023-09-10T17:09:11Z"}
{"p":"17.86","s":"SOLUSDT","q":"136","m":false,"T":"2023-09-10T17:09:11Z"}
{"p":"1604.9","s":"ETHUSDT","q":"0.25","m":true,"T":"2023-09-10T17:09:11Z"}
{"p":"1604.91","s":"ETHUSDT","q":"0.125","m":false,"T":"2023-09-10T17:09:11Z"}
{"p":"25708.9","s":"BTCUSDT","q":"0.051","m":true,"T":"2023-09-10T17:09:11Z"}
{"p":"25709","s":"BTCUSDT","q":"0.432","m":false,"T":"2023-09-10T17:09:11Z"}
{"p":"1604.9","s":"ETHUSDT","q":"14.025","m":true,"T":"2023-09-10T17:09:11Z"}
{"p":"1604.91","s":"ETHUSDT","q":"3.327","m":false,"T":"2023-09-10T17:09:11Z"}
{"p":"17.859","s":"SOLUSDT","q":"9","m":true,"T":"2023-09-10T17:09:11Z"}
{"p":"25708.9","s":"BTCUSDT","q":"0.206","m":true,"T":"2023-09-10T17:09:11Z"}
{"p":"17.86","s":"SOLUSDT","q":"204","m":false,"T":"2023-09-10T17:09:11Z"}
{"p":"1604.91","s":"ETHUSDT","q":"0.268","m":false,"T":"2023-09-10T17:09:11Z"}
{"p":"1604.89","s":"ETHUSDT","q":"0.01","m":true,"T":"2023-09-10T17:09:11Z"}
{"p":"1604.9","s":"ETHUSDT","q":"3.611","m":true,"T":"2023-09-10T17:09:11Z"}
{"p":"1604.87","s":"ETHUSDT","q":"0.01","m":true,"T":"2023-09-10T17:09:11Z"}
{"p":"1604.86","s":"ETHUSDT","q":"0.01","m":true,"T":"2023-09-10T17:09:11Z"}
{"p":"1604.88","s":"ETHUSDT","q":"0.01","m":true,"T":"2023-09-10T17:09:11Z"}
{"p":"1604.83","s":"ETHUSDT","q":"0.01","m":true,"T":"2023-09-10T17:09:11Z"}
{"p":"1604.84","s":"ETHUSDT","q":"0.014","m":true,"T":"2023-09-10T17:09:11Z"}
{"p":"1604.85","s":"ETHUSDT","q":"1.26","m":true,"T":"2023-09-10T17:09:11Z"}
{"p":"1604.81","s":"ETHUSDT","q":"1.723","m":true,"T":"2023-09-10T17:09:11Z"}
{"p":"1604.82","s":"ETHUSDT","q":"1.395","m":true,"T":"2023-09-10T17:09:11Z"}
{"p":"17.86","s":"SOLUSDT","q":"1","m":false,"T":"2023-09-10T17:09:11Z"}
{"p":"17.859","s":"SOLUSDT","q":"6","m":true,"T":"2023-09-10T17:09:11Z"}
{"p":"17.861","s":"SOLUSDT","q":"32","m":false,"T":"2023-09-10T17:09:11Z"}
{"p":"1604.8","s":"ETHUSDT","q":"1.945","m":true,"T":"2023-09-10T17:09:11Z"}
{"p":"1604.81","s":"ETHUSDT","q":"0.369","m":false,"T":"2023-09-10T17:09:11Z"}
{"p":"17.86","s":"SOLUSDT","q":"113","m":true,"T":"2023-09-10T17:09:11Z"}
{"p":"25709","s":"BTCUSDT","q":"0.317","m":false,"T":"2023-09-10T17:09:11Z"}
{"p":"17.861","s":"SOLUSDT","q":"9","m":false,"T":"2023-09-10T17:09:11Z"}
{"p":"1604.8","s":"ETHUSDT","q":"0.025","m":true,"T":"2023-09-10T17:09:11Z"}
{"p":"60.45","s":"LTCUSDT","q":"10","m":true,"T":"2023-09-10T17:09:12Z"}
{"p":"25708.9","s":"BTCUSDT","q":"0.116","m":true,"T":"2023-09-10T17:09:12Z"}
{"p":"1604.79","s":"ETHUSDT","q":"1.35","m":true,"T":"2023-09-10T17:09:12Z"}
{"p":"1604.8","s":"ETHUSDT","q":"0.008","m":false,"T":"2023-09-10T17:09:12Z"}
{"p":"1604.79","s":"ETHUSDT","q":"17.17","m":true,"T":"2023-09-10T17:09:12Z"}
{"p":"1604.78","s":"ETHUSDT","q":"0.01","m":true,"T":"2023-09-10T17:09:12Z"}
{"p":"17.86","s":"SOLUSDT","q":"15","m":true,"T":"2023-09-10T17:09:12Z"}
{"p":"25708.9","s":"BTCUSDT","q":"0.009","m":true,"T":"2023-09-10T17:09:12Z"}
{"p":"1604.76","s":"ETHUSDT","q":"0.01","m":true,"T":"2023-09-10T17:09:12Z"}
{"p":"25708.9","s":"BTCUSDT","q":"0.017","m":true,"T":"2023-09-10T17:09:12Z"}
{"p":"17.86","s":"SOLUSDT","q":"14","m":true,"T":"2023-09-10T17:09:12Z"}
{"p":"1604.75","s":"ETHUSDT","q":"0.01","m":true,"T":"2023-09-10T17:09:12Z"}
{"p":"1604.75","s":"ETHUSDT","q":"0.143","m":false,"T":"2023-09-10T17:09:12Z"}
{"p":"25709","s":"BTCUSDT","q":"1","m":false,"T":"2023-09-10T17:09:12Z"}
{"p":"1604.74","s":"ETHUSDT","q":"1.241","m":true,"T":"2023-09-10T17:09:12Z"}
{"p":"17.861","s":"SOLUSDT","q":"270","m":false,"T":"2023-09-10T17:09:12Z"}
{"p":"25708.9","s":"BTCUSDT","q":"0.002","m":true,"T":"2023-09-10T17:09:12Z"}
{"p":"1604.75","s":"ETHUSDT","q":"0.018","m":false,"T":"2023-09-10T17:09:12Z"}
{"p":"60.46","s":"LTCUSDT","q":"0.742","m":false,"T":"2023-09-10T17:09:12Z"}
{"p":"1604.74","s":"ETHUSDT","q":"0.474","m":true,"T":"2023-09-10T17:09:12Z"}
{"p":"60.45","s":"LTCUSDT","q":"4.392","m":true,"T":"2023-09-10T17:09:12Z"}
{"p":"17.861","s":"SOLUSDT","q":"34","m":false,"T":"2023-09-10T17:09:12Z"}
{"p":"1604.75","s":"ETHUSDT","q":"0.478","m":false,"T":"2023-09-10T17:09:12Z"}
{"p":"25709","s":"BTCUSDT","q":"0.016","m":false,"T":"2023-09-10T17:09:12Z"}
{"p":"1604.73","s":"ETHUSDT","q":"0.01","m":true,"T":"2023-09-10T17:09:12Z"}
{"p":"1604.74","s":"ETHUSDT","q":"2.768","m":true,"T":"2023-09-10T17:09:12Z"}
{"p":"1604.71","s":"ETHUSDT","q":"1.41","m":true,"T":"2023-09-10T17:09:12Z"}
{"p":"1604.69","s":"ETHUSDT","q":"0.623","m":true,"T":"2023-09-10T17:09:12Z"}
{"p":"1604.72","s":"ETHUSDT","q":"0.014","m":true,"T":"2023-09-10T17:09:12Z"}
{"p":"1604.7","s":"ETHUSDT","q":"0.004","m":true,"T":"2023-09-10T17:09:12Z"}
{"p":"25708.9","s":"BTCUSDT","q":"0.187","m":true,"T":"2023-09-10T17:09:13Z"}
{"p":"25709","s":"BTCUSDT","q":"0.001","m":false,"T":"2023-09-10T17:09:13Z"}
{"p":"1604.69","s":"ETHUSDT","q":"12.64","m":true,"T":"2023-09-10T17:09:13Z"}
{"p":"1604.7","s":"ETHUSDT","q":"0.428","m":false,"T":"2023-09-10T17:09:12Z"}
{"p":"1604.67","s":"ETHUSDT","q":"0.01","m":true,"T":"2023-09-10T17:09:13Z"}
{"p":"1604.68","s":"ETHUSDT","q":"0.04","m":true,"T":"2023-09-10T17:09:13Z"}
{"p":"1604.65","s":"ETHUSDT","q":"1.61","m":true,"T":"2023-09-10T17:09:13Z"}
{"p":"1604.66","s":"ETHUSDT","q":"0.02","m":true,"T":"2023-09-10T17:09:13Z"}
{"p":"1604.63","s":"ETHUSDT","q":"0.02","m":true,"T":"2023-09-10T17:09:13Z"}
{"p":"1604.64","s":"ETHUSDT","q":"1.03","m":true,"T":"2023-09-10T17:09:13Z"}
{"p":"1604.61","s":"ETHUSDT","q":"2.6","m":true,"T":"2023-09-10T17:09:13Z"}
{"p":"1604.59","s":"ETHUSDT","q":"7.754","m":true,"T":"2023-09-10T17:09:13Z"}
{"p":"1604.62","s":"ETHUSDT","q":"0.816","m":true,"T":"2023-09-10T17:09:13Z"}
{"p":"1604.6","s":"ETHUSDT","q":"0.004","m":true,"T":"2023-09-10T17:09:13Z"}
{"p":"1604.57","s":"ETHUSDT","q":"3.764","m":true,"T":"2023-09-10T17:09:13Z"}
{"p":"1604.55","s":"ETHUSDT","q":"0.005","m":true,"T":"2023-09-10T17:09:13Z"}
{"p":"1604.58","s":"ETHUSDT","q":"6.962","m":true,"T":"2023-09-10T17:09:13Z"}
{"p":"1604.53","s":"ETHUSDT","q":"0.005","m":true,"T":"2023-09-10T17:09:13Z"}
{"p":"1604.56","s":"ETHUSDT","q":"8","m":true,"T":"2023-09-10T17:09:13Z"}
{"p":"1604.54","s":"ETHUSDT","q":"0.045","m":true,"T":"2023-09-10T17:09:13Z"}
{"p":"1604.51","s":"ETHUSDT","q":"8.851","m":true,"T":"2023-09-10T17:09:13Z"}
{"p":"1604.52","s":"ETHUSDT","q":"0.011","m":true,"T":"2023-09-10T17:09:13Z"}
{"p":"1604.49","s":"ETHUSDT","q":"3.95","m":true,"T":"2023-09-10T17:09:13Z"}
{"p":"1604.5","s":"ETHUSDT","q":"5.398","m":true,"T":"2023-09-10T17:09:13Z"}
{"p":"1604.47","s":"ETHUSDT","q":"17.662","m":true,"T":"2023-09-10T17:09:13Z"}
{"p":"1604.48","s":"ETHUSDT","q":"22.434","m":true,"T":"2023-09-10T17:09:13Z"}
{"p":"1604.45","s":"ETHUSDT","q":"0.01","m":true,"T":"2023-09-10T17:09:13Z"}
{"p":"1604.46","s":"ETHUSDT","q":"28.168","m":true,"T":"2023-09-10T17:09:13Z"}
{"p":"1604.43","s":"ETHUSDT","q":"21.791","m":true,"T":"2023-09-10T17:09:13Z"}
{"p":"1604.44","s":"ETHUSDT","q":"2.088","m":true,"T":"2023-09-10T17:09:13Z"}
{"p":"1604.41","s":"ETHUSDT","q":"0.615","m":true,"T":"2023-09-10T17:09:13Z"}
{"p":"1604.42","s":"ETHUSDT","q":"6.494","m":true,"T":"2023-09-10T17:09:13Z"}
{"p":"1604.39","s":"ETHUSDT","q":"23.254","m":true,"T":"2023-09-10T17:09:13Z"}
{"p":"1604.4","s":"ETHUSDT","q":"14.211","m":true,"T":"2023-09-10T17:09:13Z"}
{"p":"1604.37","s":"ETHUSDT","q":"1.876","m":true,"T":"2023-09-10T17:09:13Z"}
{"p":"1604.38","s":"ETHUSDT","q":"1.913","m":true,"T":"2023-09-10T17:09:13Z"}
{"p":"1604.35","s":"ETHUSDT","q":"2.469","m":true,"T":"2023-09-10T17:09:13Z"}
{"p":"1604.36","s":"ETHUSDT","q":"0.023","m":true,"T":"2023-09-10T17:09:13Z"}
{"p":"1604.33","s":"ETHUSDT","q":"10.658","m":true,"T":"2023-09-10T17:09:13Z"}
{"p":"1604.34","s":"ETHUSDT","q":"4.022","m":true,"T":"2023-09-10T17:09:13Z"}
{"p":"1604.31","s":"ETHUSDT","q":"5.83","m":true,"T":"2023-09-10T17:09:13Z"}
{"p":"1604.32","s":"ETHUSDT","q":"6.258","m":true,"T":"2023-09-10T17:09:13Z"}
{"p":"1604.29","s":"ETHUSDT","q":"16.548","m":true,"T":"2023-09-10T17:09:13Z"}
{"p":"1604.3","s":"ETHUSDT","q":"11.672","m":true,"T":"2023-09-10T17:09:13Z"}
{"p":"1604.27","s":"ETHUSDT","q":"2.805","m":true,"T":"2023-09-10T17:09:13Z"}
{"p":"1604.28","s":"ETHUSDT","q":"19.21","m":true,"T":"2023-09-10T17:09:13Z"}
{"p":"1604.25","s":"ETHUSDT","q":"1.273","m":true,"T":"2023-09-10T17:09:13Z"}
{"p":"1604.26","s":"ETHUSDT","q":"0.783","m":true,"T":"2023-09-10T17:09:13Z"}
{"p":"1604.7","s":"ETHUSDT","q":"45.106","m":false,"T":"2023-09-10T17:09:13Z"}
{"p":"1604.24","s":"ETHUSDT","q":"12.623","m":true,"T":"2023-09-10T17:09:13Z"}
{"p":"1604.23","s":"ETHUSDT","q":"0.556","m":true,"T":"2023-09-10T17:09:13Z"}
{"p":"1604.24","s":"ETHUSDT","q":"2.001","m":true,"T":"2023-09-10T17:09:13Z"}
{"p":"60.44","s":"LTCUSDT","q":"21.872","m":true,"T":"2023-09-10T17:09:12Z"}
{"p":"1604.22","s":"ETHUSDT","q":"1.293","m":true,"T":"2023-09-10T17:09:13Z"}
{"p":"1604.33","s":"ETHUSDT","q":"11.62","m":false,"T":"2023-09-10T17:09:13Z"}
{"p":"1604.32","s":"ETHUSDT","q":"0.027","m":true,"T":"2023-09-10T17:09:13Z"}
{"p":"1604.41","s":"ETHUSDT","q":"2.453","m":false,"T":"2023-09-10T17:09:13Z"}
{"p":"1604.4","s":"ETHUSDT","q":"0.004","m":false,"T":"2023-09-10T17:09:13Z"}
{"p":"1604.48","s":"ETHUSDT","q":"0.005","m":false,"T":"2023-09-10T17:09:13Z"}
{"p":"1604.45","s":"ETHUSDT","q":"0.05","m":false,"T":"2023-09-10T17:09:13Z"}
{"p":"1604.57","s":"ETHUSDT","q":"0.424","m":false,"T":"2023-09-10T17:09:13Z"}
{"p":"1604.5","s":"ETHUSDT","q":"0.004","m":false,"T":"2023-09-10T17:09:13Z"}
{"p":"1604.59","s":"ETHUSDT","q":"2.868","m":false,"T":"2023-09-10T17:09:13Z"}
{"p":"1604.58","s":"ETHUSDT","q":"0.005","m":false,"T":"2023-09-10T17:09:13Z"}
{"p":"1604.58","s":"ETHUSDT","q":"0.319","m":true,"T":"2023-09-10T17:09:13Z"}
{"p":"25708.8","s":"BTCUSDT","q":"0.269","m":true,"T":"2023-09-10T17:09:13Z"}
{"p":"1604.58","s":"ETHUSDT","q":"45.938","m":true,"T":"2023-09-10T17:09:13Z"}
{"p":"1604.59","s":"ETHUSDT","q":"0.004","m":false,"T":"2023-09-10T17:09:13Z"}
{"p":"1604.44","s":"ETHUSDT","q":"0.749","m":true,"T":"2023-09-10T17:09:13Z"}
{"p":"1604.5","s":"ETHUSDT","q":"6.404","m":true,"T":"2023-09-10T17:09:13Z"}
{"p":"1604.41","s":"ETHUSDT","q":"0.168","m":true,"T":"2023-09-10T17:09:13Z"}
{"p":"1604.43","s":"ETHUSDT","q":"0.679","m":true,"T":"2023-09-10T17:09:13Z"}
{"p":"1604.41","s":"ETHUSDT","q":"0.04","m":false,"T":"2023-09-10T17:09:13Z"}
{"p":"1604.4","s":"ETHUSDT","q":"4.009","m":true,"T":"2023-09-10T17:09:13Z"}
{"p":"1604.41","s":"ETHUSDT","q":"15.284","m":false,"T":"2023-09-10T17:09:13Z"}
{"p":"1604.4","s":"ETHUSDT","q":"0.004","m":true,"T":"2023-09-10T17:09:13Z"}
{"p":"25708.9","s":"BTCUSDT","q":"0.056","m":false,"T":"2023-09-10T17:09:13Z"}
{"p":"1604.44","s":"ETHUSDT","q":"0.05","m":false,"T":"2023-09-10T17:09:13Z"}
{"p":"25708.8","s":"BTCUSDT","q":"0.006","m":true,"T":"2023-09-10T17:09:13Z"}
{"p":"1604.5","s":"ETHUSDT","q":"0.004","m":false,"T":"2023-09-10T17:09:13Z"}
{"p":"1604.54","s":"ETHUSDT","q":"0.276","m":true,"T":"2023-09-10T17:09:13Z"}
{"p":"1604.55","s":"ETHUSDT","q":"7.679","m":false,"T":"2023-09-10T17:09:13Z"}
{"p":"17.861","s":"SOLUSDT","q":"5","m":false,"T":"2023-09-10T17:09:13Z"}
{"p":"1604.55","s":"ETHUSDT","q":"4.973","m":false,"T":"2023-09-10T17:09:13Z"}
{"p":"17.859","s":"SOLUSDT","q":"39","m":true,"T":"2023-09-10T17:09:13Z"}
{"p":"17.86","s":"SOLUSDT","q":"420","m":true,"T":"2023-09-10T17:09:13Z"}
{"p":"17.857","s":"SOLUSDT","q":"63","m":true,"T":"2023-09-10T17:09:13Z"}
{"p":"17.858","s":"SOLUSDT","q":"478","m":true,"T":"2023-09-10T17:09:13Z"}
{"p":"17.857","s":"SOLUSDT","q":"28","m":false,"T":"2023-09-10T17:09:13Z"}
{"p":"25708.9","s":"BTCUSDT","q":"0.014","m":false,"T":"2023-09-10T17:09:13Z"}
{"p":"17.859","s":"SOLUSDT","q":"66","m":false,"T":"2023-09-10T17:09:13Z"}
{"p":"17.858","s":"SOLUSDT","q":"20","m":false,"T":"2023-09-10T17:09:13Z"}
{"p":"17.859","s":"SOLUSDT","q":"18","m":true,"T":"2023-09-10T17:09:13Z"}
{"p":"1604.58","s":"ETHUSDT","q":"3.124","m":false,"T":"2023-09-10T17:09:13Z"}
{"p":"1604.59","s":"ETHUSDT","q":"3.996","m":false,"T":"2023-09-10T17:09:13Z"}
{"p":"1604.61","s":"ETHUSDT","q":"0.01","m":false,"T":"2023-09-10T17:09:13Z"}
{"p":"1604.6","s":"ETHUSDT","q":"0.004","m":false,"T":"2023-09-10T17:09:13Z"}
{"p":"1604.64","s":"ETHUSDT","q":"0.01","m":false,"T":"2023-09-10T17:09:13Z"}
{"p":"1604.62","s":"ETHUSDT","q":"0.01","m":false,"T":"2023-09-10T17:09:13Z"}
{"p":"1604.65","s":"ETHUSDT","q":"0.01","m":false,"T":"2023-09-10T17:09:13Z"}
{"p":"1604.66","s":"ETHUSDT","q":"8.635","m":true,"T":"2023-09-10T17:09:13Z"}
{"p":"1604.66","s":"ETHUSDT","q":"1.564","m":false,"T":"2023-09-10T17:09:13Z"}
{"p":"1604.67","s":"ETHUSDT","q":"0.012","m":false,"T":"2023-09-10T17:09:13Z"}
{"p":"1604.65","s":"ETHUSDT","q":"0.6","m":true,"T":"2023-09-10T17:09:13Z"}
{"p":"1604.65","s":"ETHUSDT","q":"7.152","m":true,"T":"2023-09-10T17:09:13Z"}
{"p":"1604.66","s":"ETHUSDT","q":"33.711","m":true,"T":"2023-09-10T17:09:13Z"}
{"p":"1604.65","s":"ETHUSDT","q":"68.41","m":true,"T":"2023-09-10T17:09:13Z"}
{"p":"1604.66","s":"ETHUSDT","q":"6.435","m":true,"T":"2023-09-10T17:09:13Z"}
{"p":"1604.67","s":"ETHUSDT","q":"0.018","m":false,"T":"2023-09-10T17:09:13Z"}
{"p":"1604.66","s":"ETHUSDT","q":"10.746","m":true,"T":"2023-09-10T17:09:13Z"}
{"p":"17.86","s":"SOLUSDT","q":"60","m":false,"T":"2023-09-10T17:09:13Z"}
{"p":"1604.61","s":"ETHUSDT","q":"7.351","m":true,"T":"2023-09-10T17:09:13Z"}
{"p":"1604.62","s":"ETHUSDT","q":"0.035","m":false,"T":"2023-09-10T17:09:13Z"}
{"p":"1604.59","s":"ETHUSDT","q":"0.688","m":true,"T":"2023-09-10T17:09:13Z"}
{"p":"1604.6","s":"ETHUSDT","q":"1.873","m":true,"T":"2023-09-10T17:09:13Z"}
{"p":"1604.57","s":"ETHUSDT","q":"0.04","m":true,"T":"2023-09-10T17:09:13Z"}
{"p":"1604.58","s":"ETHUSDT","q":"0.097","m":true,"T":"2023-09-10T17:09:13Z"}
{"p":"1604.56","s":"ETHUSDT","q":"0.045","m":true,"T":"2023-09-10T17:09:13Z"}
{"p":"1604.55","s":"ETHUSDT","q":"0.004","m":true,"T":"2023-09-10T17:09:13Z"}
{"p":"17.86","s":"SOLUSDT","q":"4","m":false,"T":"2023-09-10T17:09:13Z"}
{"p":"17.858","s":"SOLUSDT","q":"6","m":true,"T":"2023-09-10T17:09:13Z"}
{"p":"17.859","s":"SOLUSDT","q":"3","m":true,"T":"2023-09-10T17:09:13Z"}
{"p":"1604.56","s":"ETHUSDT","q":"5.361","m":false,"T":"2023-09-10T17:09:13Z"}
{"p":"17.856","s":"SOLUSDT","q":"122","m":true,"T":"2023-09-10T17:09:13Z"}
{"p":"17.855","s":"SOLUSDT","q":"171","m":true,"T":"2023-09-10T17:09:13Z"}
{"p":"25708.9","s":"BTCUSDT","q":"0.014","m":false,"T":"2023-09-10T17:09:13Z"}
{"p":"60.45","s":"LTCUSDT","q":"16.545","m":false,"T":"2023-09-10T17:09:13Z"}
{"p":"25708.8","s":"BTCUSDT","q":"0.013","m":true,"T":"2023-09-10T17:09:13Z"}
{"p":"25708.9","s":"BTCUSDT","q":"0.006","m":false,"T":"2023-09-10T17:09:13Z"}
{"p":"1604.56","s":"ETHUSDT","q":"3.059","m":false,"T":"2023-09-10T17:09:13Z"}
{"p":"25708.8","s":"BTCUSDT","q":"0.377","m":true,"T":"2023-09-10T17:09:13Z"}
{"p":"17.856","s":"SOLUSDT","q":"10","m":false,"T":"2023-09-10T17:09:13Z"}
{"p":"1604.56","s":"ETHUSDT","q":"3.116","m":false,"T":"2023-09-10T17:09:13Z"}
{"p":"1604.56","s":"ETHUSDT","q":"20.349","m":false,"T":"2023-09-10T17:09:13Z"}
{"p":"1604.54","s":"ETHUSDT","q":"0.401","m":true,"T":"2023-09-10T17:09:13Z"}
{"p":"1604.55","s":"ETHUSDT","q":"2.384","m":true,"T":"2023-09-10T17:09:13Z"}
{"p":"1604.52","s":"ETHUSDT","q":"0.01","m":true,"T":"2023-09-10T17:09:13Z"}
{"p":"1604.53","s":"ETHUSDT","q":"0.01","m":true,"T":"2023-09-10T17:09:13Z"}
{"p":"1604.5","s":"ETHUSDT","q":"0.004","m":true,"T":"2023-09-10T17:09:13Z"}
{"p":"1604.51","s":"ETHUSDT","q":"0.01","m":true,"T":"2023-09-10T17:09:13Z"}
{"p":"1604.48","s":"ETHUSDT","q":"0.023","m":true,"T":"2023-09-10T17:09:13Z"}
{"p":"1604.49","s":"ETHUSDT","q":"1.01","m":true,"T":"2023-09-10T17:09:13Z"}
{"p":"1604.47","s":"ETHUSDT","q":"0.02","m":true,"T":"2023-09-10T17:09:13Z"}
{"p":"1604.45","s":"ETHUSDT","q":"0.01","m":true,"T":"2023-09-10T17:09:13Z"}
{"p":"1604.46","s":"ETHUSDT","q":"0.839","m":true,"T":"2023-09-10T17:09:13Z"}
{"p":"1604.43","s":"ETHUSDT","q":"0.04","m":true,"T":"2023-09-10T17:09:13Z"}
{"p":"1604.44","s":"ETHUSDT","q":"2.011","m":true,"T":"2023-09-10T17:09:13Z"}
{"p":"1604.41","s":"ETHUSDT","q":"0.01","m":true,"T":"2023-09-10T17:09:13Z"}
{"p":"1604.42","s":"ETHUSDT","q":"0.014","m":true,"T":"2023-09-10T17:09:13Z"}
{"p":"1604.4","s":"ETHUSDT","q":"0.506","m":true,"T":"2023-09-10T17:09:13Z"}
{"p":"1604.38","s":"ETHUSDT","q":"0.02","m":true,"T":"2023-09-10T17:09:13Z"}
{"p":"1604.39","s":"ETHUSDT","q":"0.01","m":true,"T":"2023-09-10T17:09:13Z"}
{"p":"1604.36","s":"ETHUSDT","q":"0.01","m":true,"T":"2023-09-10T17:09:13Z"}
{"p":"1604.37","s":"ETHUSDT","q":"0.01","m":true,"T":"2023-09-10T17:09:13Z"}
{"p":"1604.34","s":"ETHUSDT","q":"0.572","m":true,"T":"2023-09-10T17:09:13Z"}
{"p":"1604.32","s":"ETHUSDT","q":"4.79","m":true,"T":"2023-09-10T17:09:13Z"}
{"p":"1604.35","s":"ETHUSDT","q":"4.087","m":true,"T":"2023-09-10T17:09:13Z"}
{"p":"1604.33","s":"ETHUSDT","q":"0.747","m":true,"T":"2023-09-10T17:09:13Z"}
{"p":"1604.3","s":"ETHUSDT","q":"0.009","m":true,"T":"2023-09-10T17:09:13Z"}
{"p":"1604.31","s":"ETHUSDT","q":"0.2","m":true,"T":"2023-09-10T17:09:13Z"}
{"p":"1604.28","s":"ETHUSDT","q":"0.921","m":true,"T":"2023-09-10T17:09:13Z"}
{"p":"1604.25","s":"ETHUSDT","q":"0.94","m":true,"T":"2023-09-10T17:09:13Z"}
{"p":"1604.29","s":"ETHUSDT","q":"0.045","m":true,"T":"2023-09-10T17:09:13Z"}
{"p":"1604.26","s":"ETHUSDT","q":"0.01","m":true,"T":"2023-09-10T17:09:13Z"}
{"p":"25708.8","s":"BTCUSDT","q":"1.02","m":true,"T":"2023-09-10T17:09:13Z"}
{"p":"25708.9","s":"BTCUSDT","q":"0.001","m":false,"T":"2023-09-10T17:09:13Z"}
{"p":"25708.6","s":"BTCUSDT","q":"0.008","m":true,"T":"2023-09-10T17:09:13Z"}
{"p":"25708.7","s":"BTCUSDT","q":"0.024","m":true,"T":"2023-09-10T17:09:13Z"}
{"p":"25708.4","s":"BTCUSDT","q":"0.001","m":true,"T":"2023-09-10T17:09:13Z"}
{"p":"25708.5","s":"BTCUSDT","q":"0.004","m":true,"T":"2023-09-10T17:09:13Z"}
{"p":"25708.3","s":"BTCUSDT","q":"0.043","m":true,"T":"2023-09-10T17:09:13Z"}
{"p":"17.854","s":"SOLUSDT","q":"103","m":true,"T":"2023-09-10T17:09:13Z"}
{"p":"17.855","s":"SOLUSDT","q":"449","m":true,"T":"2023-09-10T17:09:13Z"}
{"p":"25708.2","s":"BTCUSDT","q":"0.004","m":true,"T":"2023-09-10T17:09:13Z"}
{"p":"1604.21","s":"ETHUSDT","q":"0.313","m":true,"T":"2023-09-10T17:09:14Z"}
{"p":"1604.24","s":"ETHUSDT","q":"5.062","m":true,"T":"2023-09-10T17:09:13Z"}
{"p":"1604.19","s":"ETHUSDT","q":"0.239","m":true,"T":"2023-09-10T17:09:14Z"}
{"p":"1604.2","s":"ETHUSDT","q":"0.058","m":true,"T":"2023-09-10T17:09:14Z"}
{"p":"1604.17","s":"ETHUSDT","q":"0.574","m":true,"T":"2023-09-10T17:09:14Z"}
{"p":"1604.18","s":"ETHUSDT","q":"0.24","m":true,"T":"2023-09-10T17:09:14Z"}
{"p":"1604.16","s":"ETHUSDT","q":"0.033","m":true,"T":"2023-09-10T17:09:14Z"}
{"p":"1604.14","s":"ETHUSDT","q":"0.116","m":true,"T":"2023-09-10T17:09:14Z"}
{"p":"1604.15","s":"ETHUSDT","q":"1.56","m":true,"T":"2023-09-10T17:09:14Z"}
{"p":"1604.13","s":"ETHUSDT","q":"1.053","m":true,"T":"2023-09-10T17:09:14Z"}
{"p":"1604.11","s":"ETHUSDT","q":"0.005","m":true,"T":"2023-09-10T17:09:14Z"}
{"p":"1604.09","s":"ETHUSDT","q":"0.063","m":true,"T":"2023-09-10T17:09:14Z"}
{"p":"1604.1","s":"ETHUSDT","q":"1.539","m":true,"T":"2023-09-10T17:09:14Z"}
{"p":"1604.12","s":"ETHUSDT","q":"0.098","m":true,"T":"2023-09-10T17:09:14Z"}
{"p":"60.44","s":"LTCUSDT","q":"36.571","m":true,"T":"2023-09-10T17:09:14Z"}
{"p":"60.45","s":"LTCUSDT","q":"0.186","m":false,"T":"2023-09-10T17:09:13Z"}
{"p":"25708.1","s":"BTCUSDT","q":"0.001","m":true,"T":"2023-09-10T17:09:14Z"}
{"p":"1604.08","s":"ETHUSDT","q":"5.251","m":true,"T":"2023-09-10T17:09:14Z"}
{"p":"1604.09","s":"ETHUSDT","q":"0.622","m":false,"T":"2023-09-10T17:09:14Z"}
{"p":"17.853","s":"SOLUSDT","q":"173","m":true,"T":"2023-09-10T17:09:13Z"}
{"p":"17.852","s":"SOLUSDT","q":"207","m":true,"T":"2023-09-10T17:09:14Z"}
{"p":"17.853","s":"SOLUSDT","q":"55","m":true,"T":"2023-09-10T17:09:14Z"}
{"p":"17.851","s":"SOLUSDT","q":"50","m":true,"T":"2023-09-10T17:09:14Z"}
{"p":"17.849","s":"SOLUSDT","q":"391","m":true,"T":"2023-09-10T17:09:14Z"}
{"p":"17.85","s":"SOLUSDT","q":"1595","m":true,"T":"2023-09-10T17:09:14Z"}
{"p":"60.43","s":"LTCUSDT","q":"39.429","m":true,"T":"2023-09-10T17:09:14Z"}
{"p":"25708","s":"BTCUSDT","q":"0.557","m":true,"T":"2023-09-10T17:09:14Z"}
{"p":"1604.08","s":"ETHUSDT","q":"5.34","m":true,"T":"2023-09-10T17:09:14Z"}
{"p":"25708.1","s":"BTCUSDT","q":"0.011","m":false,"T":"2023-09-10T17:09:14Z"}
{"p":"17.85","s":"SOLUSDT","q":"133","m":false,"T":"2023-09-10T17:09:14Z"}
{"p":"1604.09","s":"ETHUSDT","q":"6.543","m":false,"T":"2023-09-10T17:09:14Z"}
{"p":"25708","s":"BTCUSDT","q":"1.035","m":true,"T":"2023-09-10T17:09:14Z"}
{"p":"17.85","s":"SOLUSDT","q":"338","m":false,"T":"2023-09-10T17:09:14Z"}
{"p":"17.849","s":"SOLUSDT","q":"128","m":false,"T":"2023-09-10T17:09:14Z"}
{"p":"17.852","s":"SOLUSDT","q":"201","m":false,"T":"2023-09-10T17:09:14Z"}
{"p":"17.851","s":"SOLUSDT","q":"329","m":false,"T":"2023-09-10T17:09:14Z"}
{"p":"17.854","s":"SOLUSDT","q":"311","m":false,"T":"2023-09-10T17:09:14Z"}
{"p":"17.853","s":"SOLUSDT","q":"177","m":false,"T":"2023-09-10T17:09:14Z"}
{"p":"17.854","s":"SOLUSDT","q":"244","m":true,"T":"2023-09-10T17:09:14Z"}
{"p":"17.855","s":"SOLUSDT","q":"75","m":false,"T":"2023-09-10T17:09:14Z"}
{"p":"17.853","s":"SOLUSDT","q":"44","m":true,"T":"2023-09-10T17:09:14Z"}
{"p":"17.852","s":"SOLUSDT","q":"152","m":true,"T":"2023-09-10T17:09:14Z"}
{"p":"17.851","s":"SOLUSDT","q":"317","m":true,"T":"2023-09-10T17:09:14Z"}
{"p":"1604.09","s":"ETHUSDT","q":"0.78","m":false,"T":"2023-09-10T17:09:14Z"}
{"p":"25708","s":"BTCUSDT","q":"0.008","m":true,"T":"2023-09-10T17:09:14Z"}
{"p":"17.85","s":"SOLUSDT","q":"7","m":true,"T":"2023-09-10T17:09:14Z"}
{"p":"1604.09","s":"ETHUSDT","q":"0.015","m":false,"T":"2023-09-10T17:09:14Z"}
{"p":"17.85","s":"SOLUSDT","q":"70","m":true,"T":"2023-09-10T17:09:14Z"}
{"p":"17.851","s":"SOLUSDT","q":"265","m":false,"T":"2023-09-10T17:09:14Z"}
{"p":"25708.1","s":"BTCUSDT","q":"0.003","m":false,"T":"2023-09-10T17:09:14Z"}
{"p":"17.852","s":"SOLUSDT","q":"1","m":false,"T":"2023-09-10T17:09:14Z"}
{"p":"17.854","s":"SOLUSDT","q":"132","m":false,"T":"2023-09-10T17:09:14Z"}
{"p":"17.853","s":"SOLUSDT","q":"85","m":false,"T":"2023-09-10T17:09:14Z"}
{"p":"1604.08","s":"ETHUSDT","q":"0.023","m":true,"T":"2023-09-10T17:09:14Z"}
{"p":"17.855","s":"SOLUSDT","q":"189","m":false,"T":"2023-09-10T17:09:14Z"}
{"p":"1604.09","s":"ETHUSDT","q":"0.291","m":false,"T":"2023-09-10T17:09:14Z"}
{"p":"25708","s":"BTCUSDT","q":"0.034","m":true,"T":"2023-09-10T17:09:14Z"}
{"p":"17.855","s":"SOLUSDT","q":"39","m":true,"T":"2023-09-10T17:09:14Z"}
{"p":"25708","s":"BTCUSDT","q":"0.477","m":true,"T":"2023-09-10T17:09:14Z"}
{"p":"25708.1","s":"BTCUSDT","q":"0.15","m":false,"T":"2023-09-10T17:09:14Z"}
{"p":"25708","s":"BTCUSDT","q":"1.204","m":true,"T":"2023-09-10T17:09:14Z"}
{"p":"1604.08","s":"ETHUSDT","q":"10","m":true,"T":"2023-09-10T17:09:14Z"}
{"p":"17.856","s":"SOLUSDT","q":"71","m":false,"T":"2023-09-10T17:09:14Z"}
{"p":"1604.09","s":"ETHUSDT","q":"0.185","m":false,"T":"2023-09-10T17:09:14Z"}
{"p":"60.43","s":"LTCUSDT","q":"3.947","m":true,"T":"2023-09-10T17:09:14Z"}
{"p":"1604.07","s":"ETHUSDT","q":"0.082","m":true,"T":"2023-09-10T17:09:14Z"}
{"p":"1604.08","s":"ETHUSDT","q":"18.899","m":true,"T":"2023-09-10T17:09:14Z"}
{"p":"1604.05","s":"ETHUSDT","q":"0.037","m":true,"T":"2023-09-10T17:09:14Z"}
{"p":"1604.06","s":"ETHUSDT","q":"1.068","m":true,"T":"2023-09-10T17:09:14Z"}
{"p":"1604.03","s":"ETHUSDT","q":"2.264","m":true,"T":"2023-09-10T17:09:14Z"}
{"p":"1604.04","s":"ETHUSDT","q":"0.04","m":true,"T":"2023-09-10T17:09:14Z"}
{"p":"1604.01","s":"ETHUSDT","q":"0.668","m":true,"T":"2023-09-10T17:09:14Z"}
{"p":"1603.99","s":"ETHUSDT","q":"0.173","m":true,"T":"2023-09-10T17:09:14Z"}
{"p":"1604.02","s":"ETHUSDT","q":"93.85","m":true,"T":"2023-09-10T17:09:14Z"}
{"p":"1604","s":"ETHUSDT","q":"32.787","m":true,"T":"2023-09-10T17:09:14Z"}
{"p":"1603.97","s":"ETHUSDT","q":"0.013","m":true,"T":"2023-09-10T17:09:14Z"}
{"p":"1603.95","s":"ETHUSDT","q":"0.015","m":true,"T":"2023-09-10T17:09:14Z"}
{"p":"1603.98","s":"ETHUSDT","q":"1.258","m":true,"T":"2023-09-10T17:09:14Z"}
{"p":"1603.96","s":"ETHUSDT","q":"0.094","m":true,"T":"2023-09-10T17:09:14Z"}
{"p":"1603.94","s":"ETHUSDT","q":"0.02","m":true,"T":"2023-09-10T17:09:14Z"}
{"p":"1603.95","s":"ETHUSDT","q":"0.255","m":false,"T":"2023-09-10T17:09:14Z"}
{"p":"1603.92","s":"ETHUSDT","q":"4.4","m":true,"T":"2023-09-10T17:09:14Z"}
{"p":"1603.93","s":"ETHUSDT","q":"0.583","m":true,"T":"2023-09-10T17:09:14Z"}
{"p":"1603.9","s":"ETHUSDT","q":"0.35","m":true,"T":"2023-09-10T17:09:14Z"}
{"p":"1603.88","s":"ETHUSDT","q":"0.566","m":true,"T":"2023-09-10T17:09:14Z"}
{"p":"1603.91","s":"ETHUSDT","q":"0.01","m":true,"T":"2023-09-10T17:09:14Z"}
{"p":"1603.89","s":"ETHUSDT","q":"7.189","m":true,"T":"2023-09-10T17:09:14Z"}
{"p":"1603.86","s":"ETHUSDT","q":"0.116","m":true,"T":"2023-09-10T17:09:14Z"}
{"p":"1603.87","s":"ETHUSDT","q":"0.04","m":true,"T":"2023-09-10T17:09:14Z"}
{"p":"25708","s":"BTCUSDT","q":"0.037","m":false,"T":"2023-09-10T17:09:14Z"}
{"p":"1603.85","s":"ETHUSDT","q":"0.01","m":true,"T":"2023-09-10T17:09:14Z"}
{"p":"25707.8","s":"BTCUSDT","q":"0.013","m":true,"T":"2023-09-10T17:09:14Z"}
{"p":"25707.9","s":"BTCUSDT","q":"0.119","m":true,"T":"2023-09-10T17:09:14Z"}
{"p":"1603.84","s":"ETHUSDT","q":"5.49","m":true,"T":"2023-09-10T17:09:14Z"}
{"p":"17.856","s":"SOLUSDT","q":"28","m":false,"T":"2023-09-10T17:09:14Z"}
{"p":"17.855","s":"SOLUSDT","q":"213","m":true,"T":"2023-09-10T17:09:14Z"}
{"p":"1603.83","s":"ETHUSDT","q":"1.008","m":true,"T":"2023-09-10T17:09:14Z"}
{"p":"25707.6","s":"BTCUSDT","q":"0.1","m":true,"T":"2023-09-10T17:09:14Z"}
{"p":"25707.7","s":"BTCUSDT","q":"2.22","m":true,"T":"2023-09-10T17:09:14Z"}
{"p":"25707.6","s":"BTCUSDT","q":"0.273","m":true,"T":"2023-09-10T17:09:14Z"}
{"p":"25707.7","s":"BTCUSDT","q":"0.033","m":false,"T":"2023-09-10T17:09:14Z"}
{"p":"25707.4","s":"BTCUSDT","q":"0.006","m":true,"T":"2023-09-10T17:09:14Z"}
{"p":"25707.5","s":"BTCUSDT","q":"0.085","m":true,"T":"2023-09-10T17:09:14Z"}
{"p":"25707.2","s":"BTCUSDT","q":"0.051","m":true,"T":"2023-09-10T17:09:14Z"}
{"p":"25707.3","s":"BTCUSDT","q":"0.024","m":true,"T":"2023-09-10T17:09:14Z"}
{"p":"17.855","s":"SOLUSDT","q":"15","m":false,"T":"2023-09-10T17:09:14Z"}
{"p":"25707.1","s":"BTCUSDT","q":"0.011","m":true,"T":"2023-09-10T17:09:14Z"}
{"p":"17.853","s":"SOLUSDT","q":"1","m":true,"T":"2023-09-10T17:09:15Z"}
{"p":"17.854","s":"SOLUSDT","q":"1","m":true,"T":"2023-09-10T17:09:15Z"}
{"p":"1603.82","s":"ETHUSDT","q":"2.755","m":true,"T":"2023-09-10T17:09:14Z"}
{"p":"17.852","s":"SOLUSDT","q":"57","m":true,"T":"2023-09-10T17:09:15Z"}
{"p":"1603.8","s":"ETHUSDT","q":"0.062","m":true,"T":"2023-09-10T17:09:15Z"}
{"p":"1603.81","s":"ETHUSDT","q":"1.87","m":true,"T":"2023-09-10T17:09:15Z"}
{"p":"1603.78","s":"ETHUSDT","q":"0.129","m":true,"T":"2023-09-10T17:09:15Z"}
{"p":"1603.79","s":"ETHUSDT","q":"1.004","m":true,"T":"2023-09-10T17:09:15Z"}
{"p":"1603.76","s":"ETHUSDT","q":"0.591","m":true,"T":"2023-09-10T17:09:15Z"}
{"p":"1603.77","s":"ETHUSDT","q":"0.01","m":true,"T":"2023-09-10T17:09:15Z"}
{"p":"17.855","s":"SOLUSDT","q":"2","m":false,"T":"2023-09-10T17:09:15Z"}
{"p":"1603.75","s":"ETHUSDT","q":"5.828","m":true,"T":"2023-09-10T17:09:15Z"}
{"p":"25707","s":"BTCUSDT","q":"0.099","m":true,"T":"2023-09-10T17:09:15Z"}
{"p":"60.43","s":"LTCUSDT","q":"9.743","m":false,"T":"2023-09-10T17:09:14Z"}
{"p":"17.852","s":"SOLUSDT","q":"30","m":true,"T":"2023-09-10T17:09:15Z"}
{"p":"1603.76","s":"ETHUSDT","q":"0.06","m":false,"T":"2023-09-10T17:09:15Z"}
{"p":"1603.75","s":"ETHUSDT","q":"7.682","m":true,"T":"2023-09-10T17:09:15Z"}
{"p":"1603.76","s":"ETHUSDT","q":"15.105","m":false,"T":"2023-09-10T17:09:15Z"}
{"p":"25707","s":"BTCUSDT","q":"2.857","m":true,"T":"2023-09-10T17:09:15Z"}
{"p":"25707.1","s":"BTCUSDT","q":"0.011","m":false,"T":"2023-09-10T17:09:15Z"}
{"p":"25706.8","s":"BTCUSDT","q":"0.004","m":true,"T":"2023-09-10T17:09:15Z"}
{"p":"25706.9","s":"BTCUSDT","q":"0.002","m":true,"T":"2023-09-10T17:09:15Z"}
{"p":"1603.74","s":"ETHUSDT","q":"7.318","m":true,"T":"2023-09-10T17:09:15Z"}
{"p":"25706.7","s":"BTCUSDT","q":"0.001","m":true,"T":"2023-09-10T17:09:15Z"}
{"p":"25706.6","s":"BTCUSDT","q":"0.144","m":true,"T":"2023-09-10T17:09:15Z"}
{"p":"17.853","s":"SOLUSDT","q":"37","m":false,"T":"2023-09-10T17:09:15Z"}
{"p":"60.42","s":"LTCUSDT","q":"2.191","m":true,"T":"2023-09-10T17:09:15Z"}
{"p":"25706.4","s":"BTCUSDT","q":"0.863","m":true,"T":"2023-09-10T17:09:15Z"}
{"p":"25706.5","s":"BTCUSDT","q":"0.101","m":true,"T":"2023-09-10T17:09:15Z"}
{"p":"25706.2","s":"BTCUSDT","q":"0.116","m":true,"T":"2023-09-10T17:09:15Z"}
{"p":"25706.3","s":"BTCUSDT","q":"0.022","m":true,"T":"2023-09-10T17:09:15Z"}
{"p":"25706","s":"BTCUSDT","q":"0.071","m":true,"T":"2023-09-10T17:09:15Z"}
{"p":"25706.1","s":"BTCUSDT","q":"0.002","m":true,"T":"2023-09-10T17:09:15Z"}
{"p":"1603.75","s":"ETHUSDT","q":"24.722","m":false,"T":"2023-09-10T17:09:15Z"}
{"p":"25705.9","s":"BTCUSDT","q":"0.384","m":true,"T":"2023-09-10T17:09:15Z"}
{"p":"25705.8","s":"BTCUSDT","q":"0.222","m":true,"T":"2023-09-10T17:09:15Z"}
{"p":"1603.75","s":"ETHUSDT","q":"2.74","m":false,"T":"2023-09-10T17:09:15Z"}
{"p":"25705.5","s":"BTCUSDT","q":"0.136","m":true,"T":"2023-09-10T17:09:15Z"}
{"p":"25705.6","s":"BTCUSDT","q":"0.011","m":true,"T":"2023-09-10T17:09:15Z"}
{"p":"1603.74","s":"ETHUSDT","q":"15.394","m":true,"T":"2023-09-10T17:09:15Z"}
{"p":"17.853","s":"SOLUSDT","q":"15","m":false,"T":"2023-09-10T17:09:15Z"}
{"p":"1603.75","s":"ETHUSDT","q":"0.01","m":false,"T":"2023-09-10T17:09:15Z"}
{"p":"17.852","s":"SOLUSDT","q":"3","m":true,"T":"2023-09-10T17:09:15Z"}
{"p":"17.851","s":"SOLUSDT","q":"391","m":true,"T":"2023-09-10T17:09:15Z"}
{"p":"17.852","s":"SOLUSDT","q":"243","m":true,"T":"2023-09-10T17:09:15Z"}
{"p":"25705.6","s":"BTCUSDT","q":"0.25","m":false,"T":"2023-09-10T17:09:15Z"}
{"p":"1603.74","s":"ETHUSDT","q":"3.499","m":true,"T":"2023-09-10T17:09:15Z"}
{"p":"25705.5","s":"BTCUSDT","q":"0.068","m":true,"T":"2023-09-10T17:09:15Z"}
{"p":"1603.75","s":"ETHUSDT","q":"4.636","m":false,"T":"2023-09-10T17:09:15Z"}
{"p":"17.85","s":"SOLUSDT","q":"153","m":true,"T":"2023-09-10T17:09:15Z"}
{"p":"1603.73","s":"ETHUSDT","q":"10.199","m":true,"T":"2023-09-10T17:09:15Z"}
{"p":"1603.74","s":"ETHUSDT","q":"11.813","m":true,"T":"2023-09-10T17:09:15Z"}
{"p":"1603.71","s":"ETHUSDT","q":"1.574","m":true,"T":"2023-09-10T17:09:15Z"}
{"p":"1603.72","s":"ETHUSDT","q":"0.01","m":true,"T":"2023-09-10T17:09:15Z"}
{"p":"1603.69","s":"ETHUSDT","q":"1.664","m":true,"T":"2023-09-10T17:09:15Z"}
{"p":"1603.7","s":"ETHUSDT","q":"0.209","m":true,"T":"2023-09-10T17:09:15Z"}
{"p":"1603.68","s":"ETHUSDT","q":"0.008","m":true,"T":"2023-09-10T17:09:15Z"}
{"p":"17.85","s":"SOLUSDT","q":"34","m":true,"T":"2023-09-10T17:09:15Z"}
{"p":"17.851","s":"SOLUSDT","q":"4","m":false,"T":"2023-09-10T17:09:15Z"}
{"p":"25705.6","s":"BTCUSDT","q":"0.001","m":false,"T":"2023-09-10T17:09:15Z"}
{"p":"1603.67","s":"ETHUSDT","q":"0.023","m":true,"T":"2023-09-10T17:09:15Z"}
{"p":"25705.5","s":"BTCUSDT","q":"0.855","m":true,"T":"2023-09-10T17:09:15Z"}
{"p":"17.85","s":"SOLUSDT","q":"28","m":true,"T":"2023-09-10T17:09:15Z"}
{"p":"1603.67","s":"ETHUSDT","q":"1.428","m":false,"T":"2023-09-10T17:09:15Z"}
{"p":"1603.66","s":"ETHUSDT","q":"0.384","m":true,"T":"2023-09-10T17:09:15Z"}
{"p":"1603.67","s":"ETHUSDT","q":"4.312","m":false,"T":"2023-09-10T17:09:15Z"}
{"p":"25705.4","s":"BTCUSDT","q":"0.203","m":true,"T":"2023-09-10T17:09:15Z"}
{"p":"1603.65","s":"ETHUSDT","q":"0.161","m":true,"T":"2023-09-10T17:09:16Z"}
{"p":"1603.66","s":"ETHUSDT","q":"11.143","m":true,"T":"2023-09-10T17:09:16Z"}
{"p":"1603.63","s":"ETHUSDT","q":"0.004","m":true,"T":"2023-09-10T17:09:16Z"}
{"p":"1603.64","s":"ETHUSDT","q":"0.048","m":true,"T":"2023-09-10T17:09:16Z"}
{"p":"1603.61","s":"ETHUSDT","q":"0.01","m":true,"T":"2023-09-10T17:09:16Z"}
{"p":"1603.62","s":"ETHUSDT","q":"0.181","m":true,"T":"2023-09-10T17:09:16Z"}
{"p":"1603.59","s":"ETHUSDT","q":"3.711","m":true,"T":"2023-09-10T17:09:16Z"}
{"p":"1603.6","s":"ETHUSDT","q":"0.079","m":true,"T":"2023-09-10T17:09:16Z"}
{"p":"1603.57","s":"ETHUSDT","q":"1.035","m":true,"T":"2023-09-10T17:09:16Z"}
{"p":"1603.58","s":"ETHUSDT","q":"0.04","m":true,"T":"2023-09-10T17:09:16Z"}
{"p":"1603.55","s":"ETHUSDT","q":"1.564","m":true,"T":"2023-09-10T17:09:16Z"}
{"p":"1603.56","s":"ETHUSDT","q":"1.24","m":true,"T":"2023-09-10T17:09:16Z"}
{"p":"1603.53","s":"ETHUSDT","q":"1.378","m":true,"T":"2023-09-10T17:09:16Z"}
{"p":"1603.54","s":"ETHUSDT","q":"0.004","m":true,"T":"2023-09-10T17:09:16Z"}
{"p":"1603.51","s":"ETHUSDT","q":"0.045","m":true,"T":"2023-09-10T17:09:16Z"}
{"p":"1603.52","s":"ETHUSDT","q":"0.259","m":true,"T":"2023-09-10T17:09:16Z"}
{"p":"1603.49","s":"ETHUSDT","q":"0.59","m":true,"T":"2023-09-10T17:09:16Z"}
{"p":"1603.5","s":"ETHUSDT","q":"2.157","m":true,"T":"2023-09-10T17:09:16Z"}
{"p":"1603.47","s":"ETHUSDT","q":"4.109","m":true,"T":"2023-09-10T17:09:16Z"}
{"p":"1603.48","s":"ETHUSDT","q":"0.014","m":true,"T":"2023-09-10T17:09:16Z"}
{"p":"1603.45","s":"ETHUSDT","q":"24.018","m":true,"T":"2023-09-10T17:09:16Z"}
{"p":"1603.46","s":"ETHUSDT","q":"34.297","m":true,"T":"2023-09-10T17:09:16Z"}
{"p":"1603.46","s":"ETHUSDT","q":"0.003","m":false,"T":"2023-09-10T17:09:16Z"}
{"p":"1603.67","s":"ETHUSDT","q":"0.327","m":false,"T":"2023-09-10T17:09:16Z"}
{"p":"25705.3","s":"BTCUSDT","q":"0.023","m":true,"T":"2023-09-10T17:09:16Z"}
{"p":"25705.4","s":"BTCUSDT","q":"0.503","m":true,"T":"2023-09-10T17:09:16Z"}
{"p":"25705.1","s":"BTCUSDT","q":"0.001","m":true,"T":"2023-09-10T17:09:16Z"}
{"p":"25705.2","s":"BTCUSDT","q":"0.004","m":true,"T":"2023-09-10T17:09:16Z"}
{"p":"25704.9","s":"BTCUSDT","q":"0.003","m":true,"T":"2023-09-10T17:09:16Z"}
{"p":"25705","s":"BTCUSDT","q":"0.119","m":true,"T":"2023-09-10T17:09:16Z"}
{"p":"25704.7","s":"BTCUSDT","q":"0.104","m":true,"T":"2023-09-10T17:09:16Z"}
{"p":"25704.8","s":"BTCUSDT","q":"0.002","m":true,"T":"2023-09-10T17:09:16Z"}
{"p":"25704.8","s":"BTCUSDT","q":"0.028","m":false,"T":"2023-09-10T17:09:16Z"}
{"p":"17.851","s":"SOLUSDT","q":"36","m":false,"T":"2023-09-10T17:09:15Z"}
{"p":"25704.6","s":"BTCUSDT","q":"0.02","m":true,"T":"2023-09-10T17:09:16Z"}
{"p":"60.43","s":"LTCUSDT","q":"0.943","m":false,"T":"2023-09-10T17:09:15Z"}
{"p":"1603.46","s":"ETHUSDT","q":"3.467","m":false,"T":"2023-09-10T17:09:16Z"}
{"p":"1603.45","s":"ETHUSDT","q":"61.289","m":true,"T":"2023-09-10T17:09:16Z"}
{"p":"25704.7","s":"BTCUSDT","q":"0.042","m":false,"T":"2023-09-10T17:09:16Z"}
{"p":"17.851","s":"SOLUSDT","q":"5","m":false,"T":"2023-09-10T17:09:16Z"}
{"p":"1603.49","s":"ETHUSDT","q":"9.934","m":true,"T":"2023-09-10T17:09:16Z"}
{"p":"1603.5","s":"ETHUSDT","q":"0.218","m":false,"T":"2023-09-10T17:09:16Z"}
{"p":"1603.49","s":"ETHUSDT","q":"12.546","m":true,"T":"2023-09-10T17:09:16Z"}
{"p":"1603.5","s":"ETHUSDT","q":"0.015","m":false,"T":"2023-09-10T17:09:16Z"}
{"p":"1603.47","s":"ETHUSDT","q":"0.01","m":true,"T":"2023-09-10T17:09:16Z"}
{"p":"1603.48","s":"ETHUSDT","q":"0.004","m":true,"T":"2023-09-10T17:09:16Z"}
{"p":"1603.45","s":"ETHUSDT","q":"23.995","m":true,"T":"2023-09-10T17:09:16Z"}
{"p":"1603.46","s":"ETHUSDT","q":"12.505","m":true,"T":"2023-09-10T17:09:16Z"}
{"p":"1603.43","s":"ETHUSDT","q":"0.136","m":true,"T":"2023-09-10T17:09:16Z"}
{"p":"1603.44","s":"ETHUSDT","q":"1.144","m":true,"T":"2023-09-10T17:09:16Z"}
{"p":"1603.41","s":"ETHUSDT","q":"0.004","m":true,"T":"2023-09-10T17:09:16Z"}
{"p":"1603.42","s":"ETHUSDT","q":"0.022","m":true,"T":"2023-09-10T17:09:16Z"}
{"p":"1603.39","s":"ETHUSDT","q":"32.677","m":true,"T":"2023-09-10T17:09:16Z"}
{"p":"1603.4","s":"ETHUSDT","q":"0.038","m":true,"T":"2023-09-10T17:09:16Z"}
{"p":"1603.37","s":"ETHUSDT","q":"1.902","m":true,"T":"2023-09-10T17:09:16Z"}
{"p":"1603.35","s":"ETHUSDT","q":"0.046","m":true,"T":"2023-09-10T17:09:16Z"}
{"p":"1603.38","s":"ETHUSDT","q":"0.181","m":true,"T":"2023-09-10T17:09:16Z"}
{"p":"17.851","s":"SOLUSDT","q":"37","m":false,"T":"2023-09-10T17:09:16Z"}
{"p":"1603.36","s":"ETHUSDT","q":"0.016","m":true,"T":"2023-09-10T17:09:16Z"}
{"p":"1603.34","s":"ETHUSDT","q":"0.225","m":true,"T":"2023-09-10T17:09:16Z"}
{"p":"25704.6","s":"BTCUSDT","q":"0.218","m":true,"T":"2023-09-10T17:09:16Z"}
{"p":"25704.5","s":"BTCUSDT","q":"0.161","m":true,"T":"2023-09-10T17:09:16Z"}
{"p":"25704.6","s":"BTCUSDT","q":"1.489","m":true,"T":"2023-09-10T17:09:16Z"}
{"p":"25704.3","s":"BTCUSDT","q":"0.021","m":true,"T":"2023-09-10T17:09:16Z"}
{"p":"25704.4","s":"BTCUSDT","q":"0.001","m":true,"T":"2023-09-10T17:09:16Z"}
{"p":"1603.32","s":"ETHUSDT","q":"3.117","m":true,"T":"2023-09-10T17:09:16Z"}
{"p":"1603.3","s":"ETHUSDT","q":"0.126","m":true,"T":"2023-09-10T17:09:16Z"}
{"p":"1603.33","s":"ETHUSDT","q":"2.667","m":true,"T":"2023-09-10T17:09:16Z"}
{"p":"1603.31","s":"ETHUSDT","q":"3.066","m":true,"T":"2023-09-10T17:09:16Z"}
{"p":"1603.28","s":"ETHUSDT","q":"1.772","m":true,"T":"2023-09-10T17:09:16Z"}
{"p":"1603.28","s":"ETHUSDT","q":"0.019","m":false,"T":"2023-09-10T17:09:16Z"}
{"p":"1603.29","s":"ETHUSDT","q":"2.093","m":true,"T":"2023-09-10T17:09:16Z"}
{"p":"1603.27","s":"ETHUSDT","q":"0.709","m":true,"T":"2023-09-10T17:09:16Z"}
{"p":"1603.25","s":"ETHUSDT","q":"6.097","m":true,"T":"2023-09-10T17:09:16Z"}
{"p":"1603.23","s":"ETHUSDT","q":"2.733","m":true,"T":"2023-09-10T17:09:16Z"}
{"p":"1603.24","s":"ETHUSDT","q":"5.261","m":true,"T":"2023-09-10T17:09:16Z"}
{"p":"1603.26","s":"ETHUSDT","q":"2.007","m":true,"T":"2023-09-10T17:09:16Z"}
{"p":"1603.21","s":"ETHUSDT","q":"2.772","m":true,"T":"2023-09-10T17:09:16Z"}
{"p":"1603.22","s":"ETHUSDT","q":"8.098","m":true,"T":"2023-09-10T17:09:16Z"}
{"p":"1603.19","s":"ETHUSDT","q":"49.878","m":true,"T":"2023-09-10T17:09:16Z"}
{"p":"1603.2","s":"ETHUSDT","q":"2.68","m":true,"T":"2023-09-10T17:09:16Z"}
{"p":"1603.17","s":"ETHUSDT","q":"0.842","m":true,"T":"2023-09-10T17:09:16Z"}
{"p":"1603.15","s":"ETHUSDT","q":"0.01","m":true,"T":"2023-09-10T17:09:16Z"}
{"p":"1603.18","s":"ETHUSDT","q":"1.882","m":true,"T":"2023-09-10T17:09:16Z"}
{"p":"1603.16","s":"ETHUSDT","q":"0.588","m":true,"T":"2023-09-10T17:09:16Z"}
{"p":"1603.13","s":"ETHUSDT","q":"2.674","m":true,"T":"2023-09-10T17:09:16Z"}
{"p":"1603.14","s":"ETHUSDT","q":"2.03","m":true,"T":"2023-09-10T17:09:16Z"}
{"p":"1603.12","s":"ETHUSDT","q":"4.886","m":true,"T":"2023-09-10T17:09:16Z"}
{"p":"1603.11","s":"ETHUSDT","q":"3.179","m":true,"T":"2023-09-10T17:09:16Z"}
{"p":"1603.09","s":"ETHUSDT","q":"0.681","m":true,"T":"2023-09-10T17:09:16Z"}
{"p":"17.85","s":"SOLUSDT","q":"151","m":true,"T":"2023-09-10T17:09:16Z"}
{"p":"1603.1","s":"ETHUSDT","q":"0.03","m":true,"T":"2023-09-10T17:09:16Z"}
{"p":"1603.08","s":"ETHUSDT","q":"1.032","m":true,"T":"2023-09-10T17:09:16Z"}
{"p":"25704.1","s":"BTCUSDT","q":"0.017","m":true,"T":"2023-09-10T17:09:16Z"}
{"p":"25704.2","s":"BTCUSDT","q":"0.015","m":true,"T":"2023-09-10T17:09:16Z"}
{"p":"25704","s":"BTCUSDT","q":"0.001","m":false,"T":"2023-09-10T17:09:16Z"}
{"p":"25704","s":"BTCUSDT","q":"0.132","m":true,"T":"2023-09-10T17:09:16Z"}
{"p":"25703.9","s":"BTCUSDT","q":"0.001","m":true,"T":"2023-09-10T17:09:16Z"}
{"p":"25703.7","s":"BTCUSDT","q":"0.016","m":true,"T":"2023-09-10T17:09:16Z"}
{"p":"17.849","s":"SOLUSDT","q":"51","m":true,"T":"2023-09-10T17:09:16Z"}
{"p":"25703.8","s":"BTCUSDT","q":"0.007","m":true,"T":"2023-09-10T17:09:16Z"}
{"p":"25703.6","s":"BTCUSDT","q":"0.696","m":true,"T":"2023-09-10T17:09:16Z"}
{"p":"1603.06","s":"ETHUSDT","q":"1.869","m":true,"T":"2023-09-10T17:09:16Z"}
{"p":"1603.07","s":"ETHUSDT","q":"46.133","m":true,"T":"2023-09-10T17:09:16Z"}
{"p":"1603.05","s":"ETHUSDT","q":"0.27","m":true,"T":"2023-09-10T17:09:16Z"}
{"p":"25703.5","s":"BTCUSDT","q":"0.021","m":true,"T":"2023-09-10T17:09:16Z"}
{"p":"17.848","s":"SOLUSDT","q":"16","m":true,"T":"2023-09-10T17:09:16Z"}
{"p":"25703.4","s":"BTCUSDT","q":"0.002","m":true,"T":"2023-09-10T17:09:16Z"}
{"p":"25703.3","s":"BTCUSDT","q":"0.042","m":true,"T":"2023-09-10T17:09:16Z"}
{"p":"25703.5","s":"BTCUSDT","q":"0.003","m":false,"T":"2023-09-10T17:09:16Z"}
{"p":"60.42","s":"LTCUSDT","q":"112.749","m":true,"T":"2023-09-10T17:09:16Z"}
{"p":"1603.03","s":"ETHUSDT","q":"1.969","m":true,"T":"2023-09-10T17:09:16Z"}
{"p":"1603.04","s":"ETHUSDT","q":"11.653","m":true,"T":"2023-09-10T17:09:16Z"}
{"p":"1603","s":"ETHUSDT","q":"15.05","m":true,"T":"2023-09-10T17:09:16Z"}
{"p":"1603.02","s":"ETHUSDT","q":"0.101","m":true,"T":"2023-09-10T17:09:16Z"}
{"p":"1602.98","s":"ETHUSDT","q":"0.03","m":true,"T":"2023-09-10T17:09:16Z"}
{"p":"1602.99","s":"ETHUSDT","q":"1.172","m":true,"T":"2023-09-10T17:09:16Z"}
{"p":"1602.96","s":"ETHUSDT","q":"0.024","m":true,"T":"2023-09-10T17:09:16Z"}
{"p":"1602.97","s":"ETHUSDT","q":"59.059","m":true,"T":"2023-09-10T17:09:16Z"}
{"p":"1602.94","s":"ETHUSDT","q":"0.559","m":true,"T":"2023-09-10T17:09:16Z"}
{"p":"1602.95","s":"ETHUSDT","q":"0.645","m":true,"T":"2023-09-10T17:09:16Z"}
{"p":"1602.93","s":"ETHUSDT","q":"0.982","m":true,"T":"2023-09-10T17:09:16Z"}
{"p":"17.847","s":"SOLUSDT","q":"43","m":true,"T":"2023-09-10T17:09:16Z"}
{"p":"25703.2","s":"BTCUSDT","q":"0.03","m":true,"T":"2023-09-10T17:09:16Z"}
{"p":"1602.94","s":"ETHUSDT","q":"0.588","m":false,"T":"2023-09-10T17:09:16Z"}
{"p":"25703.1","s":"BTCUSDT","q":"0.158","m":false,"T":"2023-09-10T17:09:16Z"}
{"p":"17.847","s":"SOLUSDT","q":"4","m":true,"T":"2023-09-10T17:09:16Z"}
{"p":"1602.94","s":"ETHUSDT","q":"10.432","m":false,"T":"2023-09-10T17:09:16Z"}
{"p":"17.845","s":"SOLUSDT","q":"2","m":true,"T":"2023-09-10T17:09:16Z"}
{"p":"17.846","s":"SOLUSDT","q":"1","m":true,"T":"2023-09-10T17:09:16Z"}
{"p":"1602.93","s":"ETHUSDT","q":"2.834","m":true,"T":"2023-09-10T17:09:16Z"}
{"p":"17.844","s":"SOLUSDT","q":"14","m":true,"T":"2023-09-10T17:09:16Z"}
{"p":"1602.94","s":"ETHUSDT","q":"5.845","m":false,"T":"2023-09-10T17:09:16Z"}
{"p":"17.843","s":"SOLUSDT","q":"199","m":true,"T":"2023-09-10T17:09:16Z"}
{"p":"25703","s":"BTCUSDT","q":"0.011","m":true,"T":"2023-09-10T17:09:16Z"}
{"p":"25703","s":"BTCUSDT","q":"0.002","m":true,"T":"2023-09-10T17:09:16Z"}
{"p":"1602.93","s":"ETHUSDT","q":"5.656","m":true,"T":"2023-09-10T17:09:16Z"}
{"p":"1602.94","s":"ETHUSDT","q":"7.234","m":false,"T":"2023-09-10T17:09:16Z"}
{"p":"1602.96","s":"ETHUSDT","q":"8.172","m":false,"T":"2023-09-10T17:09:16Z"}
{"p":"1602.95","s":"ETHUSDT","q":"7.292","m":false,"T":"2023-09-10T17:09:16Z"}
{"p":"1602.99","s":"ETHUSDT","q":"0.01","m":false,"T":"2023-09-10T17:09:16Z"}
{"p":"1602.98","s":"ETHUSDT","q":"0.01","m":false,"T":"2023-09-10T17:09:16Z"}
{"p":"1603.01","s":"ETHUSDT","q":"0.01","m":false,"T":"2023-09-10T17:09:16Z"}
{"p":"1603","s":"ETHUSDT","q":"3.297","m":false,"T":"2023-09-10T17:09:16Z"}
{"p":"1603.03","s":"ETHUSDT","q":"0.01","m":false,"T":"2023-09-10T17:09:16Z"}
{"p":"1603.02","s":"ETHUSDT","q":"0.01","m":false,"T":"2023-09-10T17:09:16Z"}
{"p":"1603.05","s":"ETHUSDT","q":"1.594","m":false,"T":"2023-09-10T17:09:16Z"}
{"p":"1603.04","s":"ETHUSDT","q":"4.909","m":false,"T":"2023-09-10T17:09:16Z"}
{"p":"60.42","s":"LTCUSDT","q":"7.423","m":false,"T":"2023-09-10T17:09:16Z"}
{"p":"1603.04","s":"ETHUSDT","q":"0.081","m":true,"T":"2023-09-10T17:09:16Z"}
{"p":"1603.05","s":"ETHUSDT","q":"1.879","m":false,"T":"2023-09-10T17:09:16Z"}
{"p":"1603.07","s":"ETHUSDT","q":"2.554","m":false,"T":"2023-09-10T17:09:16Z"}
{"p":"1603.06","s":"ETHUSDT","q":"0.01","m":false,"T":"2023-09-10T17:09:16Z"}
{"p":"1603.09","s":"ETHUSDT","q":"0.01","m":false,"T":"2023-09-10T17:09:16Z"}
{"p":"1603.08","s":"ETHUSDT","q":"10.858","m":false,"T":"2023-09-10T17:09:16Z"}
{"p":"1603.11","s":"ETHUSDT","q":"0.01","m":false,"T":"2023-09-10T17:09:16Z"}
{"p":"1603.1","s":"ETHUSDT","q":"10.004","m":false,"T":"2023-09-10T17:09:16Z"}
{"p":"17.844","s":"SOLUSDT","q":"271","m":false,"T":"2023-09-10T17:09:16Z"}
{"p":"17.844","s":"SOLUSDT","q":"284","m":false,"T":"2023-09-10T17:09:16Z"}
{"p":"17.846","s":"SOLUSDT","q":"239","m":false,"T":"2023-09-10T17:09:16Z"}
{"p":"17.845","s":"SOLUSDT","q":"328","m":false,"T":"2023-09-10T17:09:16Z"}
{"p":"1603.12","s":"ETHUSDT","q":"3.909","m":false,"T":"2023-09-10T17:09:16Z"}
{"p":"17.847","s":"SOLUSDT","q":"174","m":false,"T":"2023-09-10T17:09:16Z"}
{"p":"1603.13","s":"ETHUSDT","q":"0.488","m":false,"T":"2023-09-10T17:09:16Z"}
{"p":"25703.1","s":"BTCUSDT","q":"0.021","m":false,"T":"2023-09-10T17:09:16Z"}
{"p":"1603.16","s":"ETHUSDT","q":"0.584","m":false,"T":"2023-09-10T17:09:16Z"}
{"p":"1603.15","s":"ETHUSDT","q":"0.02","m":false,"T":"2023-09-10T17:09:16Z"}
{"p":"1603.19","s":"ETHUSDT","q":"0.01","m":false,"T":"2023-09-10T17:09:16Z"}
{"p":"1603.17","s":"ETHUSDT","q":"9.404","m":false,"T":"2023-09-10T17:09:16Z"}
{"p":"1603.21","s":"ETHUSDT","q":"3.129","m":false,"T":"2023-09-10T17:09:16Z"}
{"p":"1603.2","s":"ETHUSDT","q":"30.544","m":false,"T":"2023-09-10T17:09:16Z"}
{"p":"1603.24","s":"ETHUSDT","q":"0.21","m":false,"T":"2023-09-10T17:09:16Z"}
{"p":"1603.23","s":"ETHUSDT","q":"1.385","m":false,"T":"2023-09-10T17:09:16Z"}
{"p":"1603.26","s":"ETHUSDT","q":"1.438","m":false,"T":"2023-09-10T17:09:16Z"}
{"p":"1603.25","s":"ETHUSDT","q":"10.986","m":false,"T":"2023-09-10T17:09:16Z"}
{"p":"1603.28","s":"ETHUSDT","q":"10.631","m":false,"T":"2023-09-10T17:09:16Z"}
{"p":"1603.27","s":"ETHUSDT","q":"0.624","m":false,"T":"2023-09-10T17:09:16Z"}
{"p":"1603.3","s":"ETHUSDT","q":"0.114","m":false,"T":"2023-09-10T17:09:16Z"}
{"p":"1603.29","s":"ETHUSDT","q":"3.129","m":false,"T":"2023-09-10T17:09:16Z"}
{"p":"1603.32","s":"ETHUSDT","q":"0.2","m":false,"T":"2023-09-10T17:09:16Z"}
{"p":"1603.31","s":"ETHUSDT","q":"0.629","m":false,"T":"2023-09-10T17:09:16Z"}
{"p":"1603.36","s":"ETHUSDT","q":"0.205","m":false,"T":"2023-09-10T17:09:16Z"}
{"p":"1603.33","s":"ETHUSDT","q":"0.307","m":false,"T":"2023-09-10T17:09:16Z"}
{"p":"1603.37","s":"ETHUSDT","q":"3.129","m":false,"T":"2023-09-10T17:09:16Z"}
{"p":"1603.38","s":"ETHUSDT","q":"1.994","m":false,"T":"2023-09-10T17:09:16Z"}
{"p":"1603.39","s":"ETHUSDT","q":"2.627","m":false,"T":"2023-09-10T17:09:16Z"}
{"p":"1603.41","s":"ETHUSDT","q":"0.924","m":false,"T":"2023-09-10T17:09:16Z"}
{"p":"1603.4","s":"ETHUSDT","q":"19.669","m":false,"T":"2023-09-10T17:09:16Z"}
{"p":"17.848","s":"SOLUSDT","q":"251","m":false,"T":"2023-09-10T17:09:16Z"}
{"p":"25703.1","s":"BTCUSDT","q":"27.929","m":false,"T":"2023-09-10T17:09:16Z"}
{"p":"17.847","s":"SOLUSDT","q":"22","m":true,"T":"2023-09-10T17:09:16Z"}
{"p":"25703.3","s":"BTCUSDT","q":"0.475","m":false,"T":"2023-09-10T17:09:16Z"}
{"p":"25703.2","s":"BTCUSDT","q":"0.018","m":false,"T":"2023-09-10T17:09:16Z"}
{"p":"17.845","s":"SOLUSDT","q":"22","m":true,"T":"2023-09-10T17:09:16Z"}
{"p":"17.846","s":"SOLUSDT","q":"130","m":true,"T":"2023-09-10T17:09:16Z"}
{"p":"17.844","s":"SOLUSDT","q":"776","m":true,"T":"2023-09-10T17:09:16Z"}
{"p":"25703.3","s":"BTCUSDT","q":"0.2","m":true,"T":"2023-09-10T17:09:16Z"}
{"p":"1603.42","s":"ETHUSDT","q":"18.633","m":false,"T":"2023-09-10T17:09:16Z"}
{"p":"1603.44","s":"ETHUSDT","q":"0.417","m":false,"T":"2023-09-10T17:09:16Z"}
{"p":"1603.43","s":"ETHUSDT","q":"0.311","m":false,"T":"2023-09-10T17:09:16Z"}
{"p":"1603.45","s":"ETHUSDT","q":"21.752","m":false,"T":"2023-09-10T17:09:16Z"}
{"p":"1603.39","s":"ETHUSDT","q":"1.599","m":false,"T":"2023-09-10T17:09:16Z"}
{"p":"1603.48","s":"ETHUSDT","q":"0.2","m":false,"T":"2023-09-10T17:09:16Z"}
{"p":"1603.46","s":"ETHUSDT","q":"0.101","m":false,"T":"2023-09-10T17:09:16Z"}
{"p":"1603.46","s":"ETHUSDT","q":"13.871","m":false,"T":"2023-09-10T17:09:16Z"}
{"p":"1603.5","s":"ETHUSDT","q":"36.046","m":false,"T":"2023-09-10T17:09:16Z"}
{"p":"1603.49","s":"ETHUSDT","q":"0.78","m":false,"T":"2023-09-10T17:09:16Z"}
{"p":"25703.4","s":"BTCUSDT","q":"0.582","m":false,"T":"2023-09-10T17:09:16Z"}
{"p":"1603.51","s":"ETHUSDT","q":"0.402","m":false,"T":"2023-09-10T17:09:16Z"}
{"p":"1603.39","s":"ETHUSDT","q":"0.31","m":true,"T":"2023-09-10T17:09:16Z"}
{"p":"1603.52","s":"ETHUSDT","q":"58.501","m":false,"T":"2023-09-10T17:09:16Z"}
{"p":"1603.52","s":"ETHUSDT","q":"0.278","m":false,"T":"2023-09-10T17:09:16Z"}
{"p":"17.843","s":"SOLUSDT","q":"470","m":true,"T":"2023-09-10T17:09:16Z"}
{"p":"25703.4","s":"BTCUSDT","q":"0.083","m":false,"T":"2023-09-10T17:09:16Z"}
{"p":"25703.3","s":"BTCUSDT","q":"0.012","m":true,"T":"2023-09-10T17:09:16Z"}
{"p":"1603.53","s":"ETHUSDT","q":"0.245","m":false,"T":"2023-09-10T17:09:16Z"}
{"p":"25703.5","s":"BTCUSDT","q":"0.252","m":false,"T":"2023-09-10T17:09:16Z"}
{"p":"25703.6","s":"BTCUSDT","q":"0.25","m":false,"T":"2023-09-10T17:09:16Z"}
{"p":"25704","s":"BTCUSDT","q":"0.012","m":false,"T":"2023-09-10T17:09:16Z"}
{"p":"25703.9","s":"BTCUSDT","q":"0.008","m":false,"T":"2023-09-10T17:09:16Z"}
{"p":"25704.2","s":"BTCUSDT","q":"0.103","m":false,"T":"2023-09-10T17:09:16Z"}
{"p":"25704.1","s":"BTCUSDT","q":"0.231","m":false,"T":"2023-09-10T17:09:16Z"}
{"p":"25704.4","s":"BTCUSDT","q":"0.031","m":false,"T":"2023-09-10T17:09:16Z"}
{"p":"25704.3","s":"BTCUSDT","q":"0.011","m":false,"T":"2023-09-10T17:09:16Z"}
{"p":"25704.6","s":"BTCUSDT","q":"0.213","m":false,"T":"2023-09-10T17:09:16Z"}
{"p":"25704.5","s":"BTCUSDT","q":"0.01","m":false,"T":"2023-09-10T17:09:16Z"}
{"p":"1603.41","s":"ETHUSDT","q":"0.02","m":false,"T":"2023-09-10T17:09:16Z"}
{"p":"1603.45","s":"ETHUSDT","q":"0.05","m":false,"T":"2023-09-10T17:09:16Z"}
{"p":"1603.45","s":"ETHUSDT","q":"3.118","m":false,"T":"2023-09-10T17:09:16Z"}
{"p":"1603.42","s":"ETHUSDT","q":"0.02","m":false,"T":"2023-09-10T17:09:16Z"}
{"p":"17.844","s":"SOLUSDT","q":"143","m":false,"T":"2023-09-10T17:09:16Z"}
{"p":"60.42","s":"LTCUSDT","q":"414.753","m":false,"T":"2023-09-10T17:09:16Z"}
{"p":"1603.52","s":"ETHUSDT","q":"0.163","m":true,"T":"2023-09-10T17:09:16Z"}
{"p":"1603.4","s":"ETHUSDT","q":"0.004","m":false,"T":"2023-09-10T17:09:16Z"}
{"p":"1603.52","s":"ETHUSDT","q":"0.004","m":true,"T":"2023-09-10T17:09:16Z"}
{"p":"1603.53","s":"ETHUSDT","q":"0.004","m":false,"T":"2023-09-10T17:09:16Z"}
{"p":"25704.5","s":"BTCUSDT","q":"1.406","m":true,"T":"2023-09-10T17:09:16Z"}
{"p":"25704.7","s":"BTCUSDT","q":"0.545","m":false,"T":"2023-09-10T17:09:16Z"}
{"p":"1603.53","s":"ETHUSDT","q":"3.131","m":false,"T":"2023-09-10T17:09:16Z"}
{"p":"25704.4","s":"BTCUSDT","q":"0.233","m":true,"T":"2023-09-10T17:09:16Z"}
{"p":"1603.57","s":"ETHUSDT","q":"5.162","m":false,"T":"2023-09-10T17:09:17Z"}
{"p":"1603.55","s":"ETHUSDT","q":"0.54","m":false,"T":"2023-09-10T17:09:17Z"}
{"p":"1603.59","s":"ETHUSDT","q":"0.02","m":false,"T":"2023-09-10T17:09:17Z"}
{"p":"25704.7","s":"BTCUSDT","q":"0.491","m":false,"T":"2023-09-10T17:09:17Z"}
{"p":"1603.6","s":"ETHUSDT","q":"0.614","m":false,"T":"2023-09-10T17:09:17Z"}
{"p":"25704.7","s":"BTCUSDT","q":"3.628","m":true,"T":"2023-09-10T17:09:17Z"}
{"p":"25704.8","s":"BTCUSDT","q":"0.3","m":true,"T":"2023-09-10T17:09:17Z"}
{"p":"25705.2","s":"BTCUSDT","q":"0.001","m":false,"T":"2023-09-10T17:09:17Z"}
{"p":"25705","s":"BTCUSDT","q":"0.003","m":false,"T":"2023-09-10T17:09:17Z"}
{"p":"25705.3","s":"BTCUSDT","q":"0.001","m":false,"T":"2023-09-10T17:09:17Z"}
{"p":"1603.61","s":"ETHUSDT","q":"2.281","m":false,"T":"2023-09-10T17:09:17Z"}
{"p":"17.847","s":"SOLUSDT","q":"210","m":false,"T":"2023-09-10T17:09:16Z"}
{"p":"1603.62","s":"ETHUSDT","q":"0.004","m":false,"T":"2023-09-10T17:09:17Z"}
{"p":"1603.61","s":"ETHUSDT","q":"3.598","m":true,"T":"2023-09-10T17:09:17Z"}
{"p":"1603.61","s":"ETHUSDT","q":"0.155","m":true,"T":"2023-09-10T17:09:17Z"}
{"p":"1603.63","s":"ETHUSDT","q":"0.02","m":false,"T":"2023-09-10T17:09:17Z"}
{"p":"1603.62","s":"ETHUSDT","q":"2.198","m":false,"T":"2023-09-10T17:09:17Z"}
{"p":"1603.65","s":"ETHUSDT","q":"0.01","m":false,"T":"2023-09-10T17:09:17Z"}
{"p":"1603.67","s":"ETHUSDT","q":"0.01","m":false,"T":"2023-09-10T17:09:17Z"}
{"p":"1603.64","s":"ETHUSDT","q":"0.01","m":false,"T":"2023-09-10T17:09:17Z"}
{"p":"1603.69","s":"ETHUSDT","q":"3.152","m":false,"T":"2023-09-10T17:09:17Z"}
{"p":"1603.66","s":"ETHUSDT","q":"0.03","m":false,"T":"2023-09-10T17:09:17Z"}
{"p":"1603.68","s":"ETHUSDT","q":"0.312","m":false,"T":"2023-09-10T17:09:17Z"}
{"p":"1603.71","s":"ETHUSDT","q":"0.01","m":false,"T":"2023-09-10T17:09:17Z"}
{"p":"1603.7","s":"ETHUSDT","q":"2.411","m":false,"T":"2023-09-10T17:09:17Z"}
{"p":"1603.72","s":"ETHUSDT","q":"0.859","m":false,"T":"2023-09-10T17:09:17Z"}
{"p":"1603.74","s":"ETHUSDT","q":"0.848","m":false,"T":"2023-09-10T17:09:17Z"}
{"p":"1603.73","s":"ETHUSDT","q":"0.01","m":false,"T":"2023-09-10T17:09:17Z"}
{"p":"1603.76","s":"ETHUSDT","q":"0.471","m":false,"T":"2023-09-10T17:09:17Z"}
{"p":"1603.78","s":"ETHUSDT","q":"0.01","m":false,"T":"2023-09-10T17:09:17Z"}
{"p":"1603.75","s":"ETHUSDT","q":"3.557","m":false,"T":"2023-09-10T17:09:17Z"}
{"p":"1603.77","s":"ETHUSDT","q":"3.161","m":false,"T":"2023-09-10T17:09:17Z"}
{"p":"25705.4","s":"BTCUSDT","q":"0.398","m":false,"T":"2023-09-10T17:09:17Z"}
{"p":"60.43","s":"LTCUSDT","q":"80.675","m":false,"T":"2023-09-10T17:09:16Z"}
{"p":"1603.8","s":"ETHUSDT","q":"11.36","m":false,"T":"2023-09-10T17:09:17Z"}
{"p":"17.848","s":"SOLUSDT","q":"59","m":false,"T":"2023-09-10T17:09:17Z"}
{"p":"25705.6","s":"BTCUSDT","q":"0.248","m":false,"T":"2023-09-10T17:09:17Z"}
{"p":"25705.5","s":"BTCUSDT","q":"0.248","m":false,"T":"2023-09-10T17:09:17Z"}
{"p":"1603.79","s":"ETHUSDT","q":"1.099","m":true,"T":"2023-09-10T17:09:17Z"}
{"p":"25705.7","s":"BTCUSDT","q":"0.015","m":false,"T":"2023-09-10T17:09:17Z"}
{"p":"1603.82","s":"ETHUSDT","q":"0.05","m":false,"T":"2023-09-10T17:09:17Z"}
{"p":"1603.81","s":"ETHUSDT","q":"0.01","m":false,"T":"2023-09-10T17:09:17Z"}
{"p":"1603.83","s":"ETHUSDT","q":"0.624","m":false,"T":"2023-09-10T17:09:17Z"}
{"p":"1603.85","s":"ETHUSDT","q":"3.861","m":false,"T":"2023-09-10T17:09:17Z"}
{"p":"1603.84","s":"ETHUSDT","q":"14.824","m":false,"T":"2023-09-10T17:09:17Z"}
{"p":"25705.8","s":"BTCUSDT","q":"0.012","m":false,"T":"2023-09-10T17:09:17Z"}
{"p":"17.847","s":"SOLUSDT","q":"15","m":true,"T":"2023-09-10T17:09:17Z"}
{"p":"25706","s":"BTCUSDT","q":"0.001","m":false,"T":"2023-09-10T17:09:17Z"}
{"p":"25705.9","s":"BTCUSDT","q":"0.025","m":false,"T":"2023-09-10T17:09:17Z"}
{"p":"25706.2","s":"BTCUSDT","q":"0.002","m":false,"T":"2023-09-10T17:09:17Z"}
{"p":"25706.1","s":"BTCUSDT","q":"0.013","m":false,"T":"2023-09-10T17:09:17Z"}
{"p":"1603.84","s":"ETHUSDT","q":"0.155","m":true,"T":"2023-09-10T17:09:17Z"}
{"p":"25706.3","s":"BTCUSDT","q":"0.022","m":false,"T":"2023-09-10T17:09:17Z"}
{"p":"25706.4","s":"BTCUSDT","q":"0.031","m":false,"T":"2023-09-10T17:09:17Z"}
{"p":"25706.3","s":"BTCUSDT","q":"0.068","m":true,"T":"2023-09-10T17:09:17Z"}
{"p":"25706.8","s":"BTCUSDT","q":"0.001","m":false,"T":"2023-09-10T17:09:17Z"}
{"p":"25706.5","s":"BTCUSDT","q":"0.001","m":false,"T":"2023-09-10T17:09:17Z"}
{"p":"25707","s":"BTCUSDT","q":"0.003","m":false,"T":"2023-09-10T17:09:17Z"}
{"p":"25706.9","s":"BTCUSDT","q":"0.002","m":false,"T":"2023-09-10T17:09:17Z"}
{"p":"1603.85","s":"ETHUSDT","q":"11.309","m":false,"T":"2023-09-10T17:09:17Z"}
{"p":"17.848","s":"SOLUSDT","q":"67","m":false,"T":"2023-09-10T17:09:17Z"}
{"p":"1603.89","s":"ETHUSDT","q":"1.517","m":false,"T":"2023-09-10T17:09:17Z"}
{"p":"1603.86","s":"ETHUSDT","q":"0.249","m":false,"T":"2023-09-10T17:09:17Z"}
{"p":"1603.91","s":"ETHUSDT","q":"0.01","m":false,"T":"2023-09-10T17:09:17Z"}
{"p":"1603.9","s":"ETHUSDT","q":"0.009","m":false,"T":"2023-09-10T17:09:17Z"}
{"p":"1603.92","s":"ETHUSDT","q":"0.163","m":true,"T":"2023-09-10T17:09:17Z"}
{"p":"1603.93","s":"ETHUSDT","q":"1.328","m":false,"T":"2023-09-10T17:09:17Z"}
{"p":"1603.95","s":"ETHUSDT","q":"0.004","m":false,"T":"2023-09-10T17:09:17Z"}
{"p":"1603.93","s":"ETHUSDT","q":"1.834","m":false,"T":"2023-09-10T17:09:17Z"}
{"p":"17.848","s":"SOLUSDT","q":"161","m":true,"T":"2023-09-10T17:09:17Z"}
{"p":"1603.94","s":"ETHUSDT","q":"3","m":true,"T":"2023-09-10T17:09:17Z"}
{"p":"1603.97","s":"ETHUSDT","q":"0.05","m":false,"T":"2023-09-10T17:09:17Z"}
{"p":"1603.95","s":"ETHUSDT","q":"0.255","m":false,"T":"2023-09-10T17:09:17Z"}
{"p":"1603.99","s":"ETHUSDT","q":"2.394","m":false,"T":"2023-09-10T17:09:17Z"}
{"p":"1603.98","s":"ETHUSDT","q":"1.563","m":false,"T":"2023-09-10T17:09:17Z"}
{"p":"1604.01","s":"ETHUSDT","q":"0.044","m":false,"T":"2023-09-10T17:09:17Z"}
{"p":"1604","s":"ETHUSDT","q":"0.395","m":false,"T":"2023-09-10T17:09:17Z"}
{"p":"1604.07","s":"ETHUSDT","q":"0.624","m":false,"T":"2023-09-10T17:09:17Z"}
{"p":"1604.06","s":"ETHUSDT","q":"0.009","m":false,"T":"2023-09-10T17:09:17Z"}
{"p":"25707.1","s":"BTCUSDT","q":"0.108","m":false,"T":"2023-09-10T17:09:17Z"}
{"p":"1604.08","s":"ETHUSDT","q":"4.03","m":false,"T":"2023-09-10T17:09:17Z"}
{"p":"1604.09","s":"ETHUSDT","q":"13.736","m":false,"T":"2023-09-10T17:09:17Z"}
{"p":"25707.3","s":"BTCUSDT","q":"1.424","m":true,"T":"2023-09-10T17:09:17Z"}
{"p":"1604.09","s":"ETHUSDT","q":"0.004","m":false,"T":"2023-09-10T17:09:17Z"}
{"p":"1604.08","s":"ETHUSDT","q":"3.024","m":true,"T":"2023-09-10T17:09:17Z"}
{"p":"1604.09","s":"ETHUSDT","q":"6.031","m":false,"T":"2023-09-10T17:09:17Z"}
{"p":"1604.08","s":"ETHUSDT","q":"0.956","m":true,"T":"2023-09-10T17:09:17Z"}
{"p":"25707.5","s":"BTCUSDT","q":"0.001","m":false,"T":"2023-09-10T17:09:17Z"}
{"p":"25707.4","s":"BTCUSDT","q":"0.357","m":false,"T":"2023-09-10T17:09:17Z"}
{"p":"25707.7","s":"BTCUSDT","q":"0.001","m":false,"T":"2023-09-10T17:09:17Z"}
{"p":"25707.6","s":"BTCUSDT","q":"0.001","m":false,"T":"2023-09-10T17:09:17Z"}
{"p":"17.849","s":"SOLUSDT","q":"150","m":true,"T":"2023-09-10T17:09:17Z"}
{"p":"25707.9","s":"BTCUSDT","q":"0.205","m":false,"T":"2023-09-10T17:09:17Z"}
{"p":"17.85","s":"SOLUSDT","q":"93","m":false,"T":"2023-09-10T17:09:17Z"}
{"p":"25707.8","s":"BTCUSDT","q":"0.001","m":false,"T":"2023-09-10T17:09:17Z"}
{"p":"25708","s":"BTCUSDT","q":"0.225","m":false,"T":"2023-09-10T17:09:17Z"}
{"p":"25707.9","s":"BTCUSDT","q":"0.511","m":true,"T":"2023-09-10T17:09:17Z"}
{"p":"25708.2","s":"BTCUSDT","q":"0.072","m":false,"T":"2023-09-10T17:09:17Z"}
{"p":"25708.1","s":"BTCUSDT","q":"0.189","m":false,"T":"2023-09-10T17:09:17Z"}
{"p":"1604.12","s":"ETHUSDT","q":"0.008","m":false,"T":"2023-09-10T17:09:17Z"}
{"p":"1604.1","s":"ETHUSDT","q":"10.686","m":false,"T":"2023-09-10T17:09:17Z"}
{"p":"1604.14","s":"ETHUSDT","q":"0.019","m":false,"T":"2023-09-10T17:09:17Z"}
{"p":"1604.13","s":"ETHUSDT","q":"4.781","m":false,"T":"2023-09-10T17:09:17Z"}
{"p":"1604.16","s":"ETHUSDT","q":"0.004","m":false,"T":"2023-09-10T17:09:17Z"}
{"p":"1604.15","s":"ETHUSDT","q":"0.01","m":false,"T":"2023-09-10T17:09:17Z"}
{"p":"1604.18","s":"ETHUSDT","q":"0.01","m":false,"T":"2023-09-10T17:09:17Z"}
{"p":"1604.17","s":"ETHUSDT","q":"0.048","m":false,"T":"2023-09-10T17:09:17Z"}
{"p":"1604.2","s":"ETHUSDT","q":"2.23","m":false,"T":"2023-09-10T17:09:17Z"}
{"p":"1604.19","s":"ETHUSDT","q":"0.005","m":false,"T":"2023-09-10T17:09:17Z"}
{"p":"1604.21","s":"ETHUSDT","q":"0.875","m":false,"T":"2023-09-10T17:09:17Z"}
{"p":"17.851","s":"SOLUSDT","q":"75","m":false,"T":"2023-09-10T17:09:17Z"}
{"p":"1604.23","s":"ETHUSDT","q":"0.01","m":false,"T":"2023-09-10T17:09:17Z"}
{"p":"1604.22","s":"ETHUSDT","q":"0.01","m":false,"T":"2023-09-10T17:09:17Z"}
{"p":"1604.25","s":"ETHUSDT","q":"0.01","m":false,"T":"2023-09-10T17:09:17Z"}
{"p":"1604.24","s":"ETHUSDT","q":"3.899","m":false,"T":"2023-09-10T17:09:17Z"}
{"p":"25708.4","s":"BTCUSDT","q":"0.138","m":false,"T":"2023-09-10T17:09:17Z"}
{"p":"25708.3","s":"BTCUSDT","q":"0.021","m":false,"T":"2023-09-10T17:09:17Z"}
{"p":"1604.26","s":"ETHUSDT","q":"3.086","m":false,"T":"2023-09-10T17:09:17Z"}
{"p":"17.852","s":"SOLUSDT","q":"134","m":false,"T":"2023-09-10T17:09:17Z"}
{"p":"1604.28","s":"ETHUSDT","q":"0.05","m":false,"T":"2023-09-10T17:09:17Z"}
{"p":"1604.27","s":"ETHUSDT","q":"0.005","m":false,"T":"2023-09-10T17:09:17Z"}
{"p":"1604.3","s":"ETHUSDT","q":"0.009","m":false,"T":"2023-09-10T17:09:17Z"}
{"p":"1604.29","s":"ETHUSDT","q":"2.09","m":false,"T":"2023-09-10T17:09:17Z"}
{"p":"1604.32","s":"ETHUSDT","q":"3.904","m":false,"T":"2023-09-10T17:09:17Z"}
{"p":"1604.31","s":"ETHUSDT","q":"0.004","m":false,"T":"2023-09-10T17:09:17Z"}
{"p":"1604.34","s":"ETHUSDT","q":"0.03","m":false,"T":"2023-09-10T17:09:17Z"}
{"p":"1604.33","s":"ETHUSDT","q":"0.979","m":false,"T":"2023-09-10T17:09:17Z"}
{"p":"17.852","s":"SOLUSDT","q":"40","m":true,"T":"2023-09-10T17:09:17Z"}
{"p":"25708.5","s":"BTCUSDT","q":"0.001","m":false,"T":"2023-09-10T17:09:17Z"}
{"p":"25708.6","s":"BTCUSDT","q":"0.405","m":true,"T":"2023-09-10T17:09:17Z"}
{"p":"17.853","s":"SOLUSDT","q":"111","m":false,"T":"2023-09-10T17:09:17Z"}
{"p":"25708.9","s":"BTCUSDT","q":"0.081","m":false,"T":"2023-09-10T17:09:17Z"}
{"p":"25708.7","s":"BTCUSDT","q":"0.129","m":false,"T":"2023-09-10T17:09:17Z"}
{"p":"25709.1","s":"BTCUSDT","q":"0.07","m":false,"T":"2023-09-10T17:09:17Z"}
{"p":"25709","s":"BTCUSDT","q":"0.457","m":false,"T":"2023-09-10T17:09:17Z"}
{"p":"17.854","s":"SOLUSDT","q":"737","m":false,"T":"2023-09-10T17:09:17Z"}
{"p":"25709.2","s":"BTCUSDT","q":"0.001","m":false,"T":"2023-09-10T17:09:17Z"}
{"p":"1604.35","s":"ETHUSDT","q":"3.544","m":false,"T":"2023-09-10T17:09:17Z"}
{"p":"60.44","s":"LTCUSDT","q":"115.78","m":false,"T":"2023-09-10T17:09:17Z"}
{"p":"25709.4","s":"BTCUSDT","q":"0.084","m":false,"T":"2023-09-10T17:09:17Z"}
{"p":"25709.3","s":"BTCUSDT","q":"0.481","m":false,"T":"2023-09-10T17:09:17Z"}
{"p":"25709.6","s":"BTCUSDT","q":"0.158","m":false,"T":"2023-09-10T17:09:17Z"}
