{"p":"1610.91","s":"ETHUSDT","q":"0.11","m":true,"T":"2023-09-10T16:57:53Z"}
{"p":"25772.5","s":"BTCUSDT","q":"0.086","m":false,"T":"2023-09-10T16:57:53Z"}
{"p":"18.021","s":"SOLUSDT","q":"4","m":false,"T":"2023-09-10T16:57:53Z"}
{"p":"25772.4","s":"BTCUSDT","q":"0.465","m":true,"T":"2023-09-10T16:57:53Z"}
{"p":"1610.9","s":"ETHUSDT","q":"35.501","m":true,"T":"2023-09-10T16:57:53Z"}
{"p":"25772.5","s":"BTCUSDT","q":"0.209","m":false,"T":"2023-09-10T16:57:53Z"}
{"p":"25772.4","s":"BTCUSDT","q":"0.514","m":true,"T":"2023-09-10T16:57:53Z"}
{"p":"25772.5","s":"BTCUSDT","q":"0.149","m":false,"T":"2023-09-10T16:57:53Z"}
{"p":"25772.2","s":"BTCUSDT","q":"0.011","m":true,"T":"2023-09-10T16:57:53Z"}
{"p":"25772.3","s":"BTCUSDT","q":"0.059","m":true,"T":"2023-09-10T16:57:53Z"}
{"p":"25772.1","s":"BTCUSDT","q":"0.212","m":true,"T":"2023-09-10T16:57:53Z"}
{"p":"25772","s":"BTCUSDT","q":"0.204","m":true,"T":"2023-09-10T16:57:53Z"}
{"p":"25772.1","s":"BTCUSDT","q":"0.002","m":false,"T":"2023-09-10T16:57:53Z"}
{"p":"25772","s":"BTCUSDT","q":"0.114","m":true,"T":"2023-09-10T16:57:54Z"}
{"p":"1610.91","s":"ETHUSDT","q":"1.538","m":false,"T":"2023-09-10T16:57:54Z"}
{"p":"1610.9","s":"ETHUSDT","q":"6.182","m":true,"T":"2023-09-10T16:57:54Z"}
{"p":"25772.1","s":"BTCUSDT","q":"0.034","m":false,"T":"2023-09-10T16:57:54Z"}
{"p":"1610.91","s":"ETHUSDT","q":"0.178","m":false,"T":"2023-09-10T16:57:54Z"}
{"p":"60.63","s":"LTCUSDT","q":"6.398","m":false,"T":"2023-09-10T16:57:54Z"}
{"p":"1610.91","s":"ETHUSDT","q":"0.009","m":false,"T":"2023-09-10T16:57:54Z"}
{"p":"25772.1","s":"BTCUSDT","q":"0.263","m":false,"T":"2023-09-10T16:57:54Z"}
{"p":"1610.9","s":"ETHUSDT","q":"17.436","m":true,"T":"2023-09-10T16:57:54Z"}
{"p":"25772","s":"BTCUSDT","q":"0.39","m":true,"T":"2023-09-10T16:57:54Z"}
{"p":"18.021","s":"SOLUSDT","q":"106","m":false,"T":"2023-09-10T16:57:54Z"}
{"p":"25772.1","s":"BTCUSDT","q":"0.058","m":false,"T":"2023-09-10T16:57:54Z"}
{"p":"1610.89","s":"ETHUSDT","q":"2.243","m":true,"T":"2023-09-10T16:57:54Z"}
{"p":"1610.9","s":"ETHUSDT","q":"0.118","m":true,"T":"2023-09-10T16:57:54Z"}
{"p":"18.02","s":"SOLUSDT","q":"300","m":true,"T":"2023-09-10T16:57:54Z"}
{"p":"1610.87","s":"ETHUSDT","q":"0.004","m":true,"T":"2023-09-10T16:57:54Z"}
{"p":"1610.88","s":"ETHUSDT","q":"4.47","m":true,"T":"2023-09-10T16:57:54Z"}
{"p":"1610.85","s":"ETHUSDT","q":"0.777","m":true,"T":"2023-09-10T16:57:54Z"}
{"p":"1610.86","s":"ETHUSDT","q":"0.018","m":true,"T":"2023-09-10T16:57:54Z"}
{"p":"1610.83","s":"ETHUSDT","q":"0.004","m":true,"T":"2023-09-10T16:57:54Z"}
{"p":"1610.84","s":"ETHUSDT","q":"0.008","m":true,"T":"2023-09-10T16:57:54Z"}
{"p":"1610.82","s":"ETHUSDT","q":"0.004","m":true,"T":"2023-09-10T16:57:54Z"}
{"p":"1610.81","s":"ETHUSDT","q":"1.341","m":true,"T":"2023-09-10T16:57:54Z"}
{"p":"25772.1","s":"BTCUSDT","q":"0.018","m":false,"T":"2023-09-10T16:57:54Z"}
{"p":"25772","s":"BTCUSDT","q":"0.292","m":true,"T":"2023-09-10T16:57:54Z"}
{"p":"25772.1","s":"BTCUSDT","q":"0.003","m":false,"T":"2023-09-10T16:57:54Z"}
{"p":"25771.8","s":"BTCUSDT","q":"0.089","m":true,"T":"2023-09-10T16:57:54Z"}
{"p":"25771.9","s":"BTCUSDT","q":"0.015","m":true,"T":"2023-09-10T16:57:54Z"}
{"p":"25771.6","s":"BTCUSDT","q":"0.105","m":true,"T":"2023-09-10T16:57:54Z"}
{"p":"25771.7","s":"BTCUSDT","q":"0.012","m":true,"T":"2023-09-10T16:57:54Z"}
{"p":"25771.4","s":"BTCUSDT","q":"0.052","m":true,"T":"2023-09-10T16:57:54Z"}
{"p":"25771.5","s":"BTCUSDT","q":"0.071","m":true,"T":"2023-09-10T16:57:54Z"}
{"p":"25771.3","s":"BTCUSDT","q":"0.001","m":true,"T":"2023-09-10T16:57:54Z"}
{"p":"25771.2","s":"BTCUSDT","q":"0.189","m":true,"T":"2023-09-10T16:57:54Z"}
{"p":"25771","s":"BTCUSDT","q":"0.011","m":true,"T":"2023-09-10T16:57:54Z"}
{"p":"25771.1","s":"BTCUSDT","q":"0.001","m":true,"T":"2023-09-10T16:57:54Z"}
{"p":"25770.8","s":"BTCUSDT","q":"0.001","m":true,"T":"2023-09-10T16:57:54Z"}
{"p":"25770.9","s":"BTCUSDT","q":"0.01","m":true,"T":"2023-09-10T16:57:54Z"}
{"p":"25770.7","s":"BTCUSDT","q":"0.122","m":true,"T":"2023-09-10T16:57:54Z"}
{"p":"18.02","s":"SOLUSDT","q":"843","m":true,"T":"2023-09-10T16:57:54Z"}
{"p":"18.019","s":"SOLUSDT","q":"18","m":true,"T":"2023-09-10T16:57:54Z"}
{"p":"18.02","s":"SOLUSDT","q":"25","m":true,"T":"2023-09-10T16:57:54Z"}
{"p":"25770.6","s":"BTCUSDT","q":"0.227","m":true,"T":"2023-09-10T16:57:54Z"}
{"p":"25770.4","s":"BTCUSDT","q":"12.124","m":true,"T":"2023-09-10T16:57:54Z"}
{"p":"25770.5","s":"BTCUSDT","q":"1.167","m":true,"T":"2023-09-10T16:57:54Z"}
{"p":"25770.2","s":"BTCUSDT","q":"0.001","m":true,"T":"2023-09-10T16:57:54Z"}
{"p":"25770.3","s":"BTCUSDT","q":"0.001","m":true,"T":"2023-09-10T16:57:54Z"}
{"p":"25770","s":"BTCUSDT","q":"36.245","m":true,"T":"2023-09-10T16:57:54Z"}
{"p":"25770.1","s":"BTCUSDT","q":"0.001","m":true,"T":"2023-09-10T16:57:54Z"}
{"p":"25769.8","s":"BTCUSDT","q":"0.001","m":true,"T":"2023-09-10T16:57:54Z"}
{"p":"25769.9","s":"BTCUSDT","q":"0.001","m":true,"T":"2023-09-10T16:57:54Z"}
{"p":"25769.6","s":"BTCUSDT","q":"0.001","m":true,"T":"2023-09-10T16:57:54Z"}
{"p":"25769.7","s":"BTCUSDT","q":"0.031","m":true,"T":"2023-09-10T16:57:54Z"}
{"p":"25769.4","s":"BTCUSDT","q":"0.197","m":true,"T":"2023-09-10T16:57:54Z"}
{"p":"25769.5","s":"BTCUSDT","q":"0.001","m":true,"T":"2023-09-10T16:57:54Z"}
{"p":"25769.2","s":"BTCUSDT","q":"1.001","m":true,"T":"2023-09-10T16:57:54Z"}
{"p":"25769.3","s":"BTCUSDT","q":"0.004","m":true,"T":"2023-09-10T16:57:54Z"}
{"p":"25769","s":"BTCUSDT","q":"0.001","m":true,"T":"2023-09-10T16:57:54Z"}
{"p":"25769.1","s":"BTCUSDT","q":"0.194","m":true,"T":"2023-09-10T16:57:54Z"}
{"p":"25768.8","s":"BTCUSDT","q":"0.088","m":true,"T":"2023-09-10T16:57:54Z"}
{"p":"25768.9","s":"BTCUSDT","q":"0.011","m":true,"T":"2023-09-10T16:57:54Z"}
{"p":"1610.8","s":"ETHUSDT","q":"0.2","m":true,"T":"2023-09-10T16:57:54Z"}
{"p":"1610.8","s":"ETHUSDT","q":"0.004","m":true,"T":"2023-09-10T16:57:54Z"}
{"p":"1610.78","s":"ETHUSDT","q":"0.008","m":true,"T":"2023-09-10T16:57:54Z"}
{"p":"1610.79","s":"ETHUSDT","q":"0.018","m":true,"T":"2023-09-10T16:57:54Z"}
{"p":"1610.76","s":"ETHUSDT","q":"4.285","m":true,"T":"2023-09-10T16:57:54Z"}
{"p":"1610.77","s":"ETHUSDT","q":"2.004","m":true,"T":"2023-09-10T16:57:54Z"}
{"p":"1610.75","s":"ETHUSDT","q":"1.245","m":true,"T":"2023-09-10T16:57:54Z"}
{"p":"1610.73","s":"ETHUSDT","q":"0.02","m":true,"T":"2023-09-10T16:57:54Z"}
{"p":"1610.74","s":"ETHUSDT","q":"0.937","m":true,"T":"2023-09-10T16:57:54Z"}
{"p":"25768.7","s":"BTCUSDT","q":"0.002","m":true,"T":"2023-09-10T16:57:54Z"}
{"p":"25768.8","s":"BTCUSDT","q":"0.2","m":false,"T":"2023-09-10T16:57:54Z"}
{"p":"25768.5","s":"BTCUSDT","q":"0.001","m":true,"T":"2023-09-10T16:57:54Z"}
{"p":"25768.6","s":"BTCUSDT","q":"0.133","m":true,"T":"2023-09-10T16:57:54Z"}
{"p":"25768.3","s":"BTCUSDT","q":"0.301","m":true,"T":"2023-09-10T16:57:54Z"}
{"p":"25768.4","s":"BTCUSDT","q":"0.071","m":true,"T":"2023-09-10T16:57:54Z"}
{"p":"25768.1","s":"BTCUSDT","q":"0.375","m":true,"T":"2023-09-10T16:57:54Z"}
{"p":"25768.2","s":"BTCUSDT","q":"0.131","m":true,"T":"2023-09-10T16:57:54Z"}
{"p":"1610.71","s":"ETHUSDT","q":"1.861","m":true,"T":"2023-09-10T16:57:54Z"}
{"p":"1610.72","s":"ETHUSDT","q":"5.831","m":true,"T":"2023-09-10T16:57:54Z"}
{"p":"18.017","s":"SOLUSDT","q":"105","m":true,"T":"2023-09-10T16:57:54Z"}
{"p":"18.018","s":"SOLUSDT","q":"67","m":true,"T":"2023-09-10T16:57:54Z"}
{"p":"18.016","s":"SOLUSDT","q":"228","m":true,"T":"2023-09-10T16:57:54Z"}
{"p":"25767.9","s":"BTCUSDT","q":"1.228","m":true,"T":"2023-09-10T16:57:54Z"}
{"p":"25768","s":"BTCUSDT","q":"7.016","m":true,"T":"2023-09-10T16:57:54Z"}
{"p":"25767.7","s":"BTCUSDT","q":"0.006","m":true,"T":"2023-09-10T16:57:54Z"}
{"p":"25767.5","s":"BTCUSDT","q":"1.185","m":true,"T":"2023-09-10T16:57:54Z"}
{"p":"25767.8","s":"BTCUSDT","q":"0.001","m":true,"T":"2023-09-10T16:57:54Z"}
{"p":"25767.2","s":"BTCUSDT","q":"1.166","m":true,"T":"2023-09-10T16:57:54Z"}
{"p":"25767.6","s":"BTCUSDT","q":"0.032","m":true,"T":"2023-09-10T16:57:54Z"}
{"p":"25767.3","s":"BTCUSDT","q":"0.076","m":true,"T":"2023-09-10T16:57:54Z"}
{"p":"25767","s":"BTCUSDT","q":"0.178","m":true,"T":"2023-09-10T16:57:54Z"}
{"p":"25767.1","s":"BTCUSDT","q":"0.469","m":true,"T":"2023-09-10T16:57:54Z"}
{"p":"25766.8","s":"BTCUSDT","q":"0.017","m":true,"T":"2023-09-10T16:57:54Z"}
{"p":"1610.69","s":"ETHUSDT","q":"1.876","m":true,"T":"2023-09-10T16:57:54Z"}
{"p":"25766.9","s":"BTCUSDT","q":"0.001","m":true,"T":"2023-09-10T16:57:54Z"}
{"p":"1610.7","s":"ETHUSDT","q":"3.673","m":true,"T":"2023-09-10T16:57:54Z"}
{"p":"1610.68","s":"ETHUSDT","q":"6.865","m":true,"T":"2023-09-10T16:57:54Z"}
{"p":"25766.7","s":"BTCUSDT","q":"0.582","m":true,"T":"2023-09-10T16:57:54Z"}
{"p":"1610.66","s":"ETHUSDT","q":"1.87","m":true,"T":"2023-09-10T16:57:54Z"}
{"p":"1610.67","s":"ETHUSDT","q":"0.045","m":true,"T":"2023-09-10T16:57:54Z"}
{"p":"1610.65","s":"ETHUSDT","q":"0.028","m":true,"T":"2023-09-10T16:57:54Z"}
{"p":"1610.63","s":"ETHUSDT","q":"0.01","m":true,"T":"2023-09-10T16:57:54Z"}
{"p":"1610.64","s":"ETHUSDT","q":"5.753","m":true,"T":"2023-09-10T16:57:54Z"}
{"p":"1610.61","s":"ETHUSDT","q":"0.064","m":true,"T":"2023-09-10T16:57:54Z"}
{"p":"1610.62","s":"ETHUSDT","q":"2.866","m":true,"T":"2023-09-10T16:57:54Z"}
{"p":"1610.59","s":"ETHUSDT","q":"1.886","m":true,"T":"2023-09-10T16:57:54Z"}
{"p":"1610.6","s":"ETHUSDT","q":"0.086","m":true,"T":"2023-09-10T16:57:54Z"}
{"p":"25766.6","s":"BTCUSDT","q":"0.343","m":true,"T":"2023-09-10T16:57:54Z"}
{"p":"25766.8","s":"BTCUSDT","q":"0.004","m":false,"T":"2023-09-10T16:57:54Z"}
{"p":"1610.57","s":"ETHUSDT","q":"4.153","m":true,"T":"2023-09-10T16:57:54Z"}
{"p":"1610.58","s":"ETHUSDT","q":"0.02","m":true,"T":"2023-09-10T16:57:54Z"}
{"p":"1610.55","s":"ETHUSDT","q":"1.891","m":true,"T":"2023-09-10T16:57:54Z"}
{"p":"1610.56","s":"ETHUSDT","q":"3.919","m":true,"T":"2023-09-10T16:57:54Z"}
{"p":"1610.53","s":"ETHUSDT","q":"30.498","m":true,"T":"2023-09-10T16:57:54Z"}
{"p":"1610.54","s":"ETHUSDT","q":"0.02","m":true,"T":"2023-09-10T16:57:54Z"}
{"p":"25766.4","s":"BTCUSDT","q":"0.078","m":true,"T":"2023-09-10T16:57:54Z"}
{"p":"25766.5","s":"BTCUSDT","q":"2.333","m":true,"T":"2023-09-10T16:57:54Z"}
{"p":"25766.2","s":"BTCUSDT","q":"0.14","m":true,"T":"2023-09-10T16:57:54Z"}
{"p":"25766.3","s":"BTCUSDT","q":"0.078","m":true,"T":"2023-09-10T16:57:54Z"}
{"p":"60.62","s":"LTCUSDT","q":"65.785","m":true,"T":"2023-09-10T16:57:54Z"}
{"p":"1610.54","s":"ETHUSDT","q":"0.206","m":false,"T":"2023-09-10T16:57:54Z"}
{"p":"1610.53","s":"ETHUSDT","q":"6.748","m":true,"T":"2023-09-10T16:57:54Z"}
{"p":"18.015","s":"SOLUSDT","q":"199","m":true,"T":"2023-09-10T16:57:54Z"}
{"p":"1610.51","s":"ETHUSDT","q":"0.02","m":true,"T":"2023-09-10T16:57:55Z"}
{"p":"1610.52","s":"ETHUSDT","q":"0.509","m":true,"T":"2023-09-10T16:57:55Z"}
{"p":"1610.49","s":"ETHUSDT","q":"0.347","m":true,"T":"2023-09-10T16:57:55Z"}
{"p":"1610.5","s":"ETHUSDT","q":"0.004","m":true,"T":"2023-09-10T16:57:55Z"}
{"p":"1610.47","s":"ETHUSDT","q":"0.02","m":true,"T":"2023-09-10T16:57:55Z"}
{"p":"1610.48","s":"ETHUSDT","q":"5.756","m":true,"T":"2023-09-10T16:57:55Z"}
{"p":"1610.45","s":"ETHUSDT","q":"0.584","m":true,"T":"2023-09-10T16:57:55Z"}
{"p":"1610.46","s":"ETHUSDT","q":"0.004","m":true,"T":"2023-09-10T16:57:55Z"}
{"p":"25766.1","s":"BTCUSDT","q":"0.749","m":true,"T":"2023-09-10T16:57:54Z"}
{"p":"1610.44","s":"ETHUSDT","q":"0.015","m":true,"T":"2023-09-10T16:57:55Z"}
{"p":"18.014","s":"SOLUSDT","q":"24","m":true,"T":"2023-09-10T16:57:55Z"}
{"p":"60.61","s":"LTCUSDT","q":"49.535","m":true,"T":"2023-09-10T16:57:55Z"}
{"p":"1610.43","s":"ETHUSDT","q":"0.01","m":true,"T":"2023-09-10T16:57:55Z"}
{"p":"1610.43","s":"ETHUSDT","q":"0.542","m":true,"T":"2023-09-10T16:57:55Z"}
{"p":"1610.44","s":"ETHUSDT","q":"0.051","m":false,"T":"2023-09-10T16:57:55Z"}
{"p":"18.014","s":"SOLUSDT","q":"23","m":true,"T":"2023-09-10T16:57:55Z"}
{"p":"1610.42","s":"ETHUSDT","q":"1.882","m":true,"T":"2023-09-10T16:57:55Z"}
{"p":"1610.43","s":"ETHUSDT","q":"7.892","m":true,"T":"2023-09-10T16:57:55Z"}
{"p":"18.014","s":"SOLUSDT","q":"1","m":true,"T":"2023-09-10T16:57:55Z"}
{"p":"18.015","s":"SOLUSDT","q":"106","m":false,"T":"2023-09-10T16:57:55Z"}
{"p":"25766.1","s":"BTCUSDT","q":"0.19","m":true,"T":"2023-09-10T16:57:55Z"}
{"p":"18.013","s":"SOLUSDT","q":"2","m":true,"T":"2023-09-10T16:57:55Z"}
{"p":"25766.1","s":"BTCUSDT","q":"2.29","m":true,"T":"2023-09-10T16:57:55Z"}
{"p":"1610.41","s":"ETHUSDT","q":"0.35","m":true,"T":"2023-09-10T16:57:55Z"}
{"p":"1610.41","s":"ETHUSDT","q":"0.961","m":true,"T":"2023-09-10T16:57:55Z"}
{"p":"1610.42","s":"ETHUSDT","q":"4.816","m":false,"T":"2023-09-10T16:57:55Z"}
{"p":"1610.39","s":"ETHUSDT","q":"0.291","m":true,"T":"2023-09-10T16:57:55Z"}
{"p":"1610.4","s":"ETHUSDT","q":"2.132","m":true,"T":"2023-09-10T16:57:55Z"}
{"p":"1610.38","s":"ETHUSDT","q":"0.388","m":true,"T":"2023-09-10T16:57:55Z"}
{"p":"1610.37","s":"ETHUSDT","q":"0.933","m":true,"T":"2023-09-10T16:57:55Z"}
{"p":"1610.35","s":"ETHUSDT","q":"0.069","m":true,"T":"2023-09-10T16:57:55Z"}
{"p":"1610.36","s":"ETHUSDT","q":"0.164","m":true,"T":"2023-09-10T16:57:55Z"}
{"p":"1610.33","s":"ETHUSDT","q":"3.765","m":true,"T":"2023-09-10T16:57:55Z"}
{"p":"1610.34","s":"ETHUSDT","q":"0.004","m":true,"T":"2023-09-10T16:57:55Z"}
{"p":"1610.31","s":"ETHUSDT","q":"1.308","m":true,"T":"2023-09-10T16:57:55Z"}
{"p":"1610.3","s":"ETHUSDT","q":"0.004","m":true,"T":"2023-09-10T16:57:55Z"}
{"p":"1610.31","s":"ETHUSDT","q":"3.388","m":false,"T":"2023-09-10T16:57:55Z"}
{"p":"1610.32","s":"ETHUSDT","q":"7.523","m":true,"T":"2023-09-10T16:57:55Z"}
{"p":"1610.31","s":"ETHUSDT","q":"0.248","m":false,"T":"2023-09-10T16:57:55Z"}
{"p":"25766","s":"BTCUSDT","q":"0.662","m":true,"T":"2023-09-10T16:57:55Z"}
{"p":"18.012","s":"SOLUSDT","q":"1","m":true,"T":"2023-09-10T16:57:55Z"}
{"p":"1610.3","s":"ETHUSDT","q":"0.212","m":true,"T":"2023-09-10T16:57:55Z"}
{"p":"25766","s":"BTCUSDT","q":"0.005","m":true,"T":"2023-09-10T16:57:55Z"}
{"p":"60.6","s":"LTCUSDT","q":"26.833","m":true,"T":"2023-09-10T16:57:55Z"}
{"p":"18.011","s":"SOLUSDT","q":"17","m":true,"T":"2023-09-10T16:57:55Z"}
{"p":"1610.3","s":"ETHUSDT","q":"32.367","m":true,"T":"2023-09-10T16:57:55Z"}
{"p":"1610.31","s":"ETHUSDT","q":"0.372","m":false,"T":"2023-09-10T16:57:55Z"}
{"p":"1610.3","s":"ETHUSDT","q":"3","m":true,"T":"2023-09-10T16:57:55Z"}
{"p":"25766.1","s":"BTCUSDT","q":"0.124","m":false,"T":"2023-09-10T16:57:55Z"}
{"p":"1610.31","s":"ETHUSDT","q":"0.58","m":false,"T":"2023-09-10T16:57:55Z"}
{"p":"25766.1","s":"BTCUSDT","q":"0.066","m":false,"T":"2023-09-10T16:57:56Z"}
{"p":"1610.31","s":"ETHUSDT","q":"0.009","m":false,"T":"2023-09-10T16:57:56Z"}
{"p":"25766","s":"BTCUSDT","q":"0.056","m":true,"T":"2023-09-10T16:57:56Z"}
{"p":"1610.3","s":"ETHUSDT","q":"0.091","m":true,"T":"2023-09-10T16:57:56Z"}
{"p":"1610.31","s":"ETHUSDT","q":"16.207","m":false,"T":"2023-09-10T16:57:56Z"}
{"p":"1610.3","s":"ETHUSDT","q":"0.56","m":true,"T":"2023-09-10T16:57:56Z"}
{"p":"18.011","s":"SOLUSDT","q":"1","m":true,"T":"2023-09-10T16:57:56Z"}
{"p":"1610.31","s":"ETHUSDT","q":"1.5","m":false,"T":"2023-09-10T16:57:56Z"}
{"p":"18.012","s":"SOLUSDT","q":"554","m":false,"T":"2023-09-10T16:57:56Z"}
{"p":"25766.1","s":"BTCUSDT","q":"1.746","m":false,"T":"2023-09-10T16:57:56Z"}
{"p":"25766.1","s":"BTCUSDT","q":"0.008","m":false,"T":"2023-09-10T16:57:56Z"}
{"p":"1610.31","s":"ETHUSDT","q":"0.04","m":false,"T":"2023-09-10T16:57:56Z"}
{"p":"1610.31","s":"ETHUSDT","q":"0.076","m":false,"T":"2023-09-10T16:57:56Z"}
{"p":"25766.1","s":"BTCUSDT","q":"0.077","m":false,"T":"2023-09-10T16:57:56Z"}
{"p":"1610.3","s":"ETHUSDT","q":"0.039","m":true,"T":"2023-09-10T16:57:56Z"}
{"p":"25766","s":"BTCUSDT","q":"0.075","m":true,"T":"2023-09-10T16:57:57Z"}
{"p":"25766","s":"BTCUSDT","q":"0.061","m":true,"T":"2023-09-10T16:57:57Z"}
{"p":"1610.31","s":"ETHUSDT","q":"0.355","m":false,"T":"2023-09-10T16:57:57Z"}
{"p":"25766","s":"BTCUSDT","q":"0.114","m":true,"T":"2023-09-10T16:57:57Z"}
{"p":"25766.1","s":"BTCUSDT","q":"0.058","m":false,"T":"2023-09-10T16:57:57Z"}
{"p":"60.61","s":"LTCUSDT","q":"24.377","m":false,"T":"2023-09-10T16:57:57Z"}
{"p":"25766","s":"BTCUSDT","q":"0.058","m":true,"T":"2023-09-10T16:57:57Z"}
{"p":"18.011","s":"SOLUSDT","q":"1","m":true,"T":"2023-09-10T16:57:57Z"}
{"p":"1610.31","s":"ETHUSDT","q":"1.163","m":false,"T":"2023-09-10T16:57:57Z"}
{"p":"25766.1","s":"BTCUSDT","q":"0.007","m":false,"T":"2023-09-10T16:57:57Z"}
{"p":"18.011","s":"SOLUSDT","q":"69","m":true,"T":"2023-09-10T16:57:57Z"}
{"p":"1610.31","s":"ETHUSDT","q":"0.02","m":false,"T":"2023-09-10T16:57:57Z"}
{"p":"25766.1","s":"BTCUSDT","q":"0.042","m":false,"T":"2023-09-10T16:57:57Z"}
{"p":"1610.31","s":"ETHUSDT","q":"2.05","m":false,"T":"2023-09-10T16:57:57Z"}
{"p":"25766","s":"BTCUSDT","q":"0.001","m":true,"T":"2023-09-10T16:57:57Z"}
{"p":"18.013","s":"SOLUSDT","q":"1","m":false,"T":"2023-09-10T16:57:57Z"}
{"p":"18.012","s":"SOLUSDT","q":"5","m":false,"T":"2023-09-10T16:57:57Z"}
{"p":"1610.32","s":"ETHUSDT","q":"0.014","m":false,"T":"2023-09-10T16:57:57Z"}
{"p":"1610.31","s":"ETHUSDT","q":"98.815","m":false,"T":"2023-09-10T16:57:57Z"}
{"p":"1610.34","s":"ETHUSDT","q":"0.01","m":false,"T":"2023-09-10T16:57:57Z"}
{"p":"1610.33","s":"ETHUSDT","q":"0.01","m":false,"T":"2023-09-10T16:57:57Z"}
{"p":"1610.36","s":"ETHUSDT","q":"0.01","m":false,"T":"2023-09-10T16:57:57Z"}
{"p":"1610.35","s":"ETHUSDT","q":"0.07","m":false,"T":"2023-09-10T16:57:57Z"}
{"p":"1610.38","s":"ETHUSDT","q":"0.05","m":false,"T":"2023-09-10T16:57:57Z"}
{"p":"1610.37","s":"ETHUSDT","q":"0.01","m":false,"T":"2023-09-10T16:57:57Z"}
{"p":"1610.4","s":"ETHUSDT","q":"0.004","m":false,"T":"2023-09-10T16:57:57Z"}
{"p":"1610.39","s":"ETHUSDT","q":"0.004","m":false,"T":"2023-09-10T16:57:57Z"}
{"p":"1610.41","s":"ETHUSDT","q":"1.714","m":false,"T":"2023-09-10T16:57:57Z"}
{"p":"18.014","s":"SOLUSDT","q":"73","m":false,"T":"2023-09-10T16:57:57Z"}
{"p":"1610.42","s":"ETHUSDT","q":"12.036","m":false,"T":"2023-09-10T16:57:57Z"}
{"p":"1610.44","s":"ETHUSDT","q":"8.231","m":false,"T":"2023-09-10T16:57:57Z"}
{"p":"1610.43","s":"ETHUSDT","q":"9.662","m":false,"T":"2023-09-10T16:57:57Z"}
{"p":"1610.46","s":"ETHUSDT","q":"0.01","m":false,"T":"2023-09-10T16:57:57Z"}
{"p":"1610.45","s":"ETHUSDT","q":"0.51","m":false,"T":"2023-09-10T16:57:57Z"}
{"p":"1610.47","s":"ETHUSDT","q":"0.01","m":false,"T":"2023-09-10T16:57:57Z"}
{"p":"1610.48","s":"ETHUSDT","q":"3.902","m":false,"T":"2023-09-10T16:57:57Z"}
{"p":"1610.49","s":"ETHUSDT","q":"0.01","m":false,"T":"2023-09-10T16:57:57Z"}
{"p":"25766.1","s":"BTCUSDT","q":"2.194","m":false,"T":"2023-09-10T16:57:57Z"}
{"p":"1610.5","s":"ETHUSDT","q":"0.022","m":false,"T":"2023-09-10T16:57:57Z"}
{"p":"18.015","s":"SOLUSDT","q":"28","m":false,"T":"2023-09-10T16:57:57Z"}
{"p":"25766","s":"BTCUSDT","q":"0.019","m":true,"T":"2023-09-10T16:57:58Z"}
{"p":"1610.5","s":"ETHUSDT","q":"21.958","m":false,"T":"2023-09-10T16:57:58Z"}
{"p":"1610.49","s":"ETHUSDT","q":"0.008","m":true,"T":"2023-09-10T16:57:58Z"}
{"p":"1610.51","s":"ETHUSDT","q":"0.014","m":false,"T":"2023-09-10T16:57:58Z"}
{"p":"25766.1","s":"BTCUSDT","q":"1.209","m":false,"T":"2023-09-10T16:57:58Z"}
{"p":"25766.2","s":"BTCUSDT","q":"0.177","m":false,"T":"2023-09-10T16:57:58Z"}
{"p":"1610.52","s":"ETHUSDT","q":"0.044","m":false,"T":"2023-09-10T16:57:58Z"}
{"p":"25766.3","s":"BTCUSDT","q":"0.001","m":false,"T":"2023-09-10T16:57:58Z"}
{"p":"25766.5","s":"BTCUSDT","q":"0.001","m":false,"T":"2023-09-10T16:57:58Z"}
{"p":"1610.53","s":"ETHUSDT","q":"1.069","m":false,"T":"2023-09-10T16:57:58Z"}
{"p":"25766.6","s":"BTCUSDT","q":"0.001","m":false,"T":"2023-09-10T16:57:58Z"}
{"p":"25766.8","s":"BTCUSDT","q":"0.817","m":false,"T":"2023-09-10T16:57:58Z"}
{"p":"25766.9","s":"BTCUSDT","q":"0.023","m":false,"T":"2023-09-10T16:57:58Z"}
{"p":"25767","s":"BTCUSDT","q":"0.002","m":false,"T":"2023-09-10T16:57:58Z"}
{"p":"1610.54","s":"ETHUSDT","q":"1.662","m":false,"T":"2023-09-10T16:57:58Z"}
{"p":"25767.1","s":"BTCUSDT","q":"0.438","m":false,"T":"2023-09-10T16:57:58Z"}
{"p":"1610.54","s":"ETHUSDT","q":"2.814","m":true,"T":"2023-09-10T16:57:58Z"}
{"p":"1610.55","s":"ETHUSDT","q":"0.01","m":false,"T":"2023-09-10T16:57:58Z"}
{"p":"25767","s":"BTCUSDT","q":"0.013","m":true,"T":"2023-09-10T16:57:58Z"}
{"p":"1610.54","s":"ETHUSDT","q":"0.009","m":true,"T":"2023-09-10T16:57:58Z"}
{"p":"60.6","s":"LTCUSDT","q":"0.027","m":true,"T":"2023-09-10T16:57:58Z"}
{"p":"25767.1","s":"BTCUSDT","q":"0.107","m":false,"T":"2023-09-10T16:57:58Z"}
{"p":"1610.55","s":"ETHUSDT","q":"0.304","m":false,"T":"2023-09-10T16:57:58Z"}
{"p":"25767.1","s":"BTCUSDT","q":"0.001","m":false,"T":"2023-09-10T16:57:58Z"}
{"p":"1610.55","s":"ETHUSDT","q":"2","m":false,"T":"2023-09-10T16:57:58Z"}
{"p":"25767","s":"BTCUSDT","q":"0.001","m":true,"T":"2023-09-10T16:57:58Z"}
{"p":"25767.1","s":"BTCUSDT","q":"0.138","m":false,"T":"2023-09-10T16:57:58Z"}
{"p":"25767.1","s":"BTCUSDT","q":"0.014","m":true,"T":"2023-09-10T16:57:59Z"}
{"p":"25767.2","s":"BTCUSDT","q":"0.194","m":false,"T":"2023-09-10T16:57:59Z"}
{"p":"25767.1","s":"BTCUSDT","q":"0.007","m":true,"T":"2023-09-10T16:57:59Z"}
{"p":"1610.55","s":"ETHUSDT","q":"5","m":false,"T":"2023-09-10T16:57:59Z"}
{"p":"25767.2","s":"BTCUSDT","q":"0.563","m":false,"T":"2023-09-10T16:57:59Z"}
{"p":"18.016","s":"SOLUSDT","q":"5","m":false,"T":"2023-09-10T16:57:59Z"}
{"p":"25767.1","s":"BTCUSDT","q":"5","m":true,"T":"2023-09-10T16:57:59Z"}
{"p":"1610.55","s":"ETHUSDT","q":"3.104","m":false,"T":"2023-09-10T16:57:59Z"}
{"p":"25767.2","s":"BTCUSDT","q":"0.068","m":false,"T":"2023-09-10T16:57:59Z"}
{"p":"1610.55","s":"ETHUSDT","q":"13.214","m":false,"T":"2023-09-10T16:57:59Z"}
{"p":"25767.2","s":"BTCUSDT","q":"0.256","m":false,"T":"2023-09-10T16:57:59Z"}
{"p":"18.016","s":"SOLUSDT","q":"111","m":false,"T":"2023-09-10T16:57:59Z"}
{"p":"60.61","s":"LTCUSDT","q":"1.323","m":false,"T":"2023-09-10T16:57:59Z"}
{"p":"25767.2","s":"BTCUSDT","q":"0.05","m":false,"T":"2023-09-10T16:57:59Z"}
{"p":"1610.54","s":"ETHUSDT","q":"0.05","m":true,"T":"2023-09-10T16:57:59Z"}
{"p":"18.015","s":"SOLUSDT","q":"272","m":true,"T":"2023-09-10T16:57:59Z"}
{"p":"25767.1","s":"BTCUSDT","q":"0.179","m":true,"T":"2023-09-10T16:57:59Z"}
{"p":"18.015","s":"SOLUSDT","q":"62","m":false,"T":"2023-09-10T16:57:59Z"}
{"p":"1610.54","s":"ETHUSDT","q":"0.062","m":true,"T":"2023-09-10T16:57:59Z"}
{"p":"18.015","s":"SOLUSDT","q":"195","m":false,"T":"2023-09-10T16:58:00Z"}
{"p":"25767.2","s":"BTCUSDT","q":"0.003","m":false,"T":"2023-09-10T16:58:00Z"}
{"p":"1610.54","s":"ETHUSDT","q":"3.465","m":true,"T":"2023-09-10T16:58:00Z"}
{"p":"25767.2","s":"BTCUSDT","q":"0.046","m":false,"T":"2023-09-10T16:58:00Z"}
{"p":"18.015","s":"SOLUSDT","q":"2","m":false,"T":"2023-09-10T16:58:00Z"}
{"p":"25767.1","s":"BTCUSDT","q":"0.02","m":true,"T":"2023-09-10T16:58:00Z"}
{"p":"25767.2","s":"BTCUSDT","q":"0.003","m":false,"T":"2023-09-10T16:58:00Z"}
{"p":"18.014","s":"SOLUSDT","q":"70","m":true,"T":"2023-09-10T16:58:00Z"}
{"p":"1610.54","s":"ETHUSDT","q":"81.23","m":true,"T":"2023-09-10T16:58:00Z"}
{"p":"25767.1","s":"BTCUSDT","q":"7.901","m":true,"T":"2023-09-10T16:58:00Z"}
{"p":"25767.2","s":"BTCUSDT","q":"0.001","m":false,"T":"2023-09-10T16:58:00Z"}
{"p":"1610.53","s":"ETHUSDT","q":"0.004","m":true,"T":"2023-09-10T16:58:00Z"}
{"p":"1610.51","s":"ETHUSDT","q":"5.624","m":true,"T":"2023-09-10T16:58:00Z"}
{"p":"1610.5","s":"ETHUSDT","q":"0.004","m":true,"T":"2023-09-10T16:58:00Z"}
{"p":"1610.49","s":"ETHUSDT","q":"0.407","m":true,"T":"2023-09-10T16:58:00Z"}
{"p":"1610.47","s":"ETHUSDT","q":"0.03","m":true,"T":"2023-09-10T16:58:00Z"}
{"p":"1610.48","s":"ETHUSDT","q":"0.01","m":true,"T":"2023-09-10T16:58:00Z"}
{"p":"1610.46","s":"ETHUSDT","q":"0.03","m":true,"T":"2023-09-10T16:58:00Z"}
{"p":"1610.45","s":"ETHUSDT","q":"0.034","m":true,"T":"2023-09-10T16:58:00Z"}
{"p":"1610.44","s":"ETHUSDT","q":"0.111","m":true,"T":"2023-09-10T16:58:00Z"}
{"p":"1610.44","s":"ETHUSDT","q":"0.009","m":false,"T":"2023-09-10T16:58:00Z"}
{"p":"25767.1","s":"BTCUSDT","q":"0.919","m":true,"T":"2023-09-10T16:58:00Z"}
{"p":"18.012","s":"SOLUSDT","q":"202","m":true,"T":"2023-09-10T16:58:00Z"}
{"p":"25766.9","s":"BTCUSDT","q":"0.019","m":true,"T":"2023-09-10T16:58:00Z"}
{"p":"25767","s":"BTCUSDT","q":"0.005","m":true,"T":"2023-09-10T16:58:00Z"}
{"p":"25766.7","s":"BTCUSDT","q":"0.001","m":true,"T":"2023-09-10T16:58:00Z"}
{"p":"25766.8","s":"BTCUSDT","q":"0.004","m":true,"T":"2023-09-10T16:58:00Z"}
{"p":"1610.43","s":"ETHUSDT","q":"0.004","m":true,"T":"2023-09-10T16:58:00Z"}
{"p":"25766.6","s":"BTCUSDT","q":"0.019","m":true,"T":"2023-09-10T16:58:00Z"}
{"p":"1610.41","s":"ETHUSDT","q":"0.005","m":true,"T":"2023-09-10T16:58:00Z"}
{"p":"25766.5","s":"BTCUSDT","q":"0.002","m":true,"T":"2023-09-10T16:58:00Z"}
{"p":"18.011","s":"SOLUSDT","q":"9","m":true,"T":"2023-09-10T16:58:00Z"}
{"p":"25766.4","s":"BTCUSDT","q":"2.183","m":true,"T":"2023-09-10T16:58:00Z"}
{"p":"25766.5","s":"BTCUSDT","q":"0.017","m":false,"T":"2023-09-10T16:58:00Z"}
{"p":"1610.42","s":"ETHUSDT","q":"7.246","m":false,"T":"2023-09-10T16:58:00Z"}
{"p":"25766.4","s":"BTCUSDT","q":"0.009","m":true,"T":"2023-09-10T16:58:01Z"}
{"p":"18.01","s":"SOLUSDT","q":"300","m":true,"T":"2023-09-10T16:58:01Z"}
{"p":"18.011","s":"SOLUSDT","q":"335","m":true,"T":"2023-09-10T16:58:01Z"}
{"p":"18.008","s":"SOLUSDT","q":"268","m":true,"T":"2023-09-10T16:58:01Z"}
{"p":"18.009","s":"SOLUSDT","q":"195","m":true,"T":"2023-09-10T16:58:01Z"}
{"p":"18.007","s":"SOLUSDT","q":"189","m":true,"T":"2023-09-10T16:58:01Z"}
{"p":"18.007","s":"SOLUSDT","q":"87","m":false,"T":"2023-09-10T16:58:01Z"}
{"p":"18.006","s":"SOLUSDT","q":"144","m":true,"T":"2023-09-10T16:58:01Z"}
{"p":"25766.5","s":"BTCUSDT","q":"0.027","m":false,"T":"2023-09-10T16:58:01Z"}
{"p":"18.008","s":"SOLUSDT","q":"137","m":false,"T":"2023-09-10T16:58:01Z"}
{"p":"25766.5","s":"BTCUSDT","q":"0.019","m":false,"T":"2023-09-10T16:58:01Z"}
{"p":"25766.4","s":"BTCUSDT","q":"0.1","m":true,"T":"2023-09-10T16:58:01Z"}
{"p":"60.61","s":"LTCUSDT","q":"2","m":false,"T":"2023-09-10T16:58:01Z"}
{"p":"25766.5","s":"BTCUSDT","q":"0.027","m":false,"T":"2023-09-10T16:58:01Z"}
{"p":"1610.41","s":"ETHUSDT","q":"1","m":true,"T":"2023-09-10T16:58:01Z"}
{"p":"25766.4","s":"BTCUSDT","q":"0.001","m":true,"T":"2023-09-10T16:58:01Z"}
{"p":"60.6","s":"LTCUSDT","q":"1.846","m":true,"T":"2023-09-10T16:58:01Z"}
{"p":"1610.41","s":"ETHUSDT","q":"1","m":true,"T":"2023-09-10T16:58:01Z"}
{"p":"18.01","s":"SOLUSDT","q":"58","m":false,"T":"2023-09-10T16:58:01Z"}
{"p":"1610.42","s":"ETHUSDT","q":"1","m":false,"T":"2023-09-10T16:58:01Z"}
{"p":"1610.41","s":"ETHUSDT","q":"1","m":true,"T":"2023-09-10T16:58:01Z"}
{"p":"25766.5","s":"BTCUSDT","q":"0.258","m":false,"T":"2023-09-10T16:58:01Z"}
{"p":"18.009","s":"SOLUSDT","q":"190","m":true,"T":"2023-09-10T16:58:01Z"}
{"p":"1610.42","s":"ETHUSDT","q":"2","m":false,"T":"2023-09-10T16:58:01Z"}
{"p":"1610.41","s":"ETHUSDT","q":"1.313","m":true,"T":"2023-09-10T16:58:02Z"}
{"p":"18.01","s":"SOLUSDT","q":"15","m":false,"T":"2023-09-10T16:58:01Z"}
{"p":"1610.42","s":"ETHUSDT","q":"0.281","m":false,"T":"2023-09-10T16:58:02Z"}
{"p":"1610.41","s":"ETHUSDT","q":"0.764","m":true,"T":"2023-09-10T16:58:02Z"}
{"p":"25766.5","s":"BTCUSDT","q":"1.259","m":false,"T":"2023-09-10T16:58:02Z"}
{"p":"1610.41","s":"ETHUSDT","q":"1.984","m":false,"T":"2023-09-10T16:58:02Z"}
{"p":"25766.5","s":"BTCUSDT","q":"0.095","m":false,"T":"2023-09-10T16:58:02Z"}
{"p":"25766.4","s":"BTCUSDT","q":"0.05","m":true,"T":"2023-09-10T16:58:02Z"}
{"p":"1610.4","s":"ETHUSDT","q":"0.289","m":true,"T":"2023-09-10T16:58:02Z"}
{"p":"18.009","s":"SOLUSDT","q":"116","m":true,"T":"2023-09-10T16:58:02Z"}
{"p":"60.6","s":"LTCUSDT","q":"20.629","m":true,"T":"2023-09-10T16:58:02Z"}
{"p":"1610.41","s":"ETHUSDT","q":"50.25","m":false,"T":"2023-09-10T16:58:02Z"}
{"p":"25766.5","s":"BTCUSDT","q":"1","m":false,"T":"2023-09-10T16:58:02Z"}
{"p":"18.009","s":"SOLUSDT","q":"217","m":true,"T":"2023-09-10T16:58:02Z"}
{"p":"18.008","s":"SOLUSDT","q":"281","m":true,"T":"2023-09-10T16:58:02Z"}
{"p":"18.007","s":"SOLUSDT","q":"461","m":true,"T":"2023-09-10T16:58:02Z"}
{"p":"18.006","s":"SOLUSDT","q":"438","m":true,"T":"2023-09-10T16:58:02Z"}
{"p":"60.6","s":"LTCUSDT","q":"0.623","m":true,"T":"2023-09-10T16:58:02Z"}
{"p":"1610.39","s":"ETHUSDT","q":"0.034","m":true,"T":"2023-09-10T16:58:02Z"}
{"p":"1610.4","s":"ETHUSDT","q":"4.43","m":true,"T":"2023-09-10T16:58:02Z"}
{"p":"1610.38","s":"ETHUSDT","q":"0.01","m":true,"T":"2023-09-10T16:58:02Z"}
{"p":"18.005","s":"SOLUSDT","q":"6837","m":true,"T":"2023-09-10T16:58:02Z"}
{"p":"1610.37","s":"ETHUSDT","q":"0.044","m":true,"T":"2023-09-10T16:58:02Z"}
{"p":"18.006","s":"SOLUSDT","q":"5","m":false,"T":"2023-09-10T16:58:02Z"}
{"p":"1610.35","s":"ETHUSDT","q":"0.01","m":true,"T":"2023-09-10T16:58:02Z"}
{"p":"1610.36","s":"ETHUSDT","q":"0.004","m":true,"T":"2023-09-10T16:58:02Z"}
{"p":"1610.34","s":"ETHUSDT","q":"0.01","m":true,"T":"2023-09-10T16:58:02Z"}
{"p":"18.005","s":"SOLUSDT","q":"15523","m":true,"T":"2023-09-10T16:58:02Z"}
{"p":"18.004","s":"SOLUSDT","q":"67","m":true,"T":"2023-09-10T16:58:02Z"}
{"p":"18.003","s":"SOLUSDT","q":"187","m":true,"T":"2023-09-10T16:58:02Z"}
{"p":"25766.3","s":"BTCUSDT","q":"0.01","m":true,"T":"2023-09-10T16:58:02Z"}
{"p":"25766.4","s":"BTCUSDT","q":"0.438","m":true,"T":"2023-09-10T16:58:02Z"}
{"p":"25766.2","s":"BTCUSDT","q":"0.002","m":true,"T":"2023-09-10T16:58:02Z"}
{"p":"25766.1","s":"BTCUSDT","q":"0.014","m":true,"T":"2023-09-10T16:58:02Z"}
{"p":"18.002","s":"SOLUSDT","q":"240","m":true,"T":"2023-09-10T16:58:02Z"}
{"p":"25766","s":"BTCUSDT","q":"2.813","m":true,"T":"2023-09-10T16:58:02Z"}
{"p":"25765.8","s":"BTCUSDT","q":"0.001","m":true,"T":"2023-09-10T16:58:02Z"}
{"p":"25765.9","s":"BTCUSDT","q":"0.005","m":true,"T":"2023-09-10T16:58:02Z"}
{"p":"25765.7","s":"BTCUSDT","q":"0.022","m":true,"T":"2023-09-10T16:58:02Z"}
{"p":"1610.33","s":"ETHUSDT","q":"0.01","m":true,"T":"2023-09-10T16:58:02Z"}
{"p":"60.6","s":"LTCUSDT","q":"44.646","m":true,"T":"2023-09-10T16:58:02Z"}
{"p":"25765.5","s":"BTCUSDT","q":"0.001","m":true,"T":"2023-09-10T16:58:02Z"}
{"p":"25765.6","s":"BTCUSDT","q":"0.005","m":true,"T":"2023-09-10T16:58:02Z"}
{"p":"25765.3","s":"BTCUSDT","q":"0.002","m":true,"T":"2023-09-10T16:58:02Z"}
{"p":"25765.4","s":"BTCUSDT","q":"0.003","m":true,"T":"2023-09-10T16:58:02Z"}
{"p":"25765.1","s":"BTCUSDT","q":"0.005","m":true,"T":"2023-09-10T16:58:02Z"}
{"p":"25765.2","s":"BTCUSDT","q":"0.009","m":true,"T":"2023-09-10T16:58:02Z"}
{"p":"25764.9","s":"BTCUSDT","q":"0.002","m":true,"T":"2023-09-10T16:58:02Z"}
{"p":"25765","s":"BTCUSDT","q":"0.006","m":true,"T":"2023-09-10T16:58:02Z"}
{"p":"25764.7","s":"BTCUSDT","q":"0.022","m":true,"T":"2023-09-10T16:58:02Z"}
{"p":"25764.5","s":"BTCUSDT","q":"0.001","m":true,"T":"2023-09-10T16:58:02Z"}
{"p":"25764.8","s":"BTCUSDT","q":"0.043","m":true,"T":"2023-09-10T16:58:02Z"}
{"p":"25764.6","s":"BTCUSDT","q":"0.001","m":true,"T":"2023-09-10T16:58:02Z"}
{"p":"25764.3","s":"BTCUSDT","q":"0.11","m":true,"T":"2023-09-10T16:58:02Z"}
{"p":"25764.4","s":"BTCUSDT","q":"0.025","m":true,"T":"2023-09-10T16:58:02Z"}
{"p":"25764.1","s":"BTCUSDT","q":"0.072","m":true,"T":"2023-09-10T16:58:02Z"}
{"p":"25764","s":"BTCUSDT","q":"0.092","m":true,"T":"2023-09-10T16:58:02Z"}
{"p":"25764.2","s":"BTCUSDT","q":"0.002","m":true,"T":"2023-09-10T16:58:02Z"}
{"p":"25763.9","s":"BTCUSDT","q":"0.158","m":true,"T":"2023-09-10T16:58:02Z"}
{"p":"25763.8","s":"BTCUSDT","q":"0.001","m":true,"T":"2023-09-10T16:58:02Z"}
{"p":"1610.3","s":"ETHUSDT","q":"0.008","m":true,"T":"2023-09-10T16:58:02Z"}
{"p":"1610.31","s":"ETHUSDT","q":"1.897","m":true,"T":"2023-09-10T16:58:02Z"}
{"p":"1610.29","s":"ETHUSDT","q":"0.004","m":true,"T":"2023-09-10T16:58:02Z"}
{"p":"18","s":"SOLUSDT","q":"43","m":true,"T":"2023-09-10T16:58:02Z"}
{"p":"25763.7","s":"BTCUSDT","q":"0.003","m":true,"T":"2023-09-10T16:58:02Z"}
{"p":"25763.8","s":"BTCUSDT","q":"0.005","m":false,"T":"2023-09-10T16:58:02Z"}
{"p":"25763.5","s":"BTCUSDT","q":"0.07","m":true,"T":"2023-09-10T16:58:02Z"}
{"p":"25763.6","s":"BTCUSDT","q":"0.169","m":true,"T":"2023-09-10T16:58:02Z"}
{"p":"18","s":"SOLUSDT","q":"50","m":true,"T":"2023-09-10T16:58:02Z"}
{"p":"17.999","s":"SOLUSDT","q":"3","m":true,"T":"2023-09-10T16:58:02Z"}
{"p":"18","s":"SOLUSDT","q":"233","m":true,"T":"2023-09-10T16:58:02Z"}
{"p":"17.997","s":"SOLUSDT","q":"37","m":true,"T":"2023-09-10T16:58:02Z"}
{"p":"17.998","s":"SOLUSDT","q":"120","m":true,"T":"2023-09-10T16:58:02Z"}
{"p":"25763.4","s":"BTCUSDT","q":"0.283","m":true,"T":"2023-09-10T16:58:02Z"}
{"p":"1610.28","s":"ETHUSDT","q":"0.117","m":true,"T":"2023-09-10T16:58:02Z"}
{"p":"1610.28","s":"ETHUSDT","q":"0.452","m":true,"T":"2023-09-10T16:58:02Z"}
{"p":"25763.3","s":"BTCUSDT","q":"0.001","m":true,"T":"2023-09-10T16:58:02Z"}
{"p":"1610.26","s":"ETHUSDT","q":"0.365","m":true,"T":"2023-09-10T16:58:02Z"}
{"p":"1610.27","s":"ETHUSDT","q":"0.369","m":true,"T":"2023-09-10T16:58:02Z"}
{"p":"1610.24","s":"ETHUSDT","q":"0.004","m":true,"T":"2023-09-10T16:58:02Z"}
{"p":"1610.25","s":"ETHUSDT","q":"0.004","m":true,"T":"2023-09-10T16:58:02Z"}
{"p":"1610.22","s":"ETHUSDT","q":"0.91","m":true,"T":"2023-09-10T16:58:02Z"}
{"p":"1610.23","s":"ETHUSDT","q":"0.044","m":true,"T":"2023-09-10T16:58:02Z"}
{"p":"1610.21","s":"ETHUSDT","q":"0.004","m":true,"T":"2023-09-10T16:58:02Z"}
{"p":"25763.2","s":"BTCUSDT","q":"0.002","m":true,"T":"2023-09-10T16:58:02Z"}
{"p":"17.996","s":"SOLUSDT","q":"507","m":true,"T":"2023-09-10T16:58:02Z"}
{"p":"1610.2","s":"ETHUSDT","q":"0.008","m":true,"T":"2023-09-10T16:58:02Z"}
{"p":"1610.19","s":"ETHUSDT","q":"0.004","m":true,"T":"2023-09-10T16:58:02Z"}
{"p":"25763.1","s":"BTCUSDT","q":"0.002","m":true,"T":"2023-09-10T16:58:02Z"}
{"p":"25762.9","s":"BTCUSDT","q":"0.004","m":true,"T":"2023-09-10T16:58:02Z"}
{"p":"25763","s":"BTCUSDT","q":"0.028","m":true,"T":"2023-09-10T16:58:02Z"}
{"p":"25762.7","s":"BTCUSDT","q":"0.001","m":true,"T":"2023-09-10T16:58:02Z"}
{"p":"25762.5","s":"BTCUSDT","q":"0.003","m":true,"T":"2023-09-10T16:58:02Z"}
{"p":"25762.8","s":"BTCUSDT","q":"0.003","m":true,"T":"2023-09-10T16:58:02Z"}
{"p":"25762.6","s":"BTCUSDT","q":"0.021","m":true,"T":"2023-09-10T16:58:02Z"}
{"p":"25762.3","s":"BTCUSDT","q":"0.001","m":true,"T":"2023-09-10T16:58:02Z"}
{"p":"25762.4","s":"BTCUSDT","q":"0.002","m":true,"T":"2023-09-10T16:58:02Z"}
{"p":"25762.2","s":"BTCUSDT","q":"0.001","m":true,"T":"2023-09-10T16:58:02Z"}
{"p":"60.59","s":"LTCUSDT","q":"4.619","m":true,"T":"2023-09-10T16:58:02Z"}
{"p":"1610.18","s":"ETHUSDT","q":"0.004","m":true,"T":"2023-09-10T16:58:02Z"}
{"p":"17.995","s":"SOLUSDT","q":"19","m":true,"T":"2023-09-10T16:58:02Z"}
{"p":"1610.18","s":"ETHUSDT","q":"0.113","m":true,"T":"2023-09-10T16:58:03Z"}
{"p":"25762.1","s":"BTCUSDT","q":"0.007","m":true,"T":"2023-09-10T16:58:02Z"}
{"p":"1610.16","s":"ETHUSDT","q":"0.004","m":true,"T":"2023-09-10T16:58:03Z"}
{"p":"1610.17","s":"ETHUSDT","q":"0.023","m":true,"T":"2023-09-10T16:58:03Z"}
{"p":"1610.14","s":"ETHUSDT","q":"0.02","m":true,"T":"2023-09-10T16:58:03Z"}
{"p":"1610.15","s":"ETHUSDT","q":"0.068","m":true,"T":"2023-09-10T16:58:03Z"}
{"p":"1610.12","s":"ETHUSDT","q":"0.01","m":true,"T":"2023-09-10T16:58:03Z"}
{"p":"1610.13","s":"ETHUSDT","q":"0.025","m":true,"T":"2023-09-10T16:58:03Z"}
{"p":"1610.1","s":"ETHUSDT","q":"0.004","m":true,"T":"2023-09-10T16:58:03Z"}
{"p":"1610.11","s":"ETHUSDT","q":"0.01","m":true,"T":"2023-09-10T16:58:03Z"}
{"p":"1610.08","s":"ETHUSDT","q":"1.167","m":true,"T":"2023-09-10T16:58:03Z"}
{"p":"1610.09","s":"ETHUSDT","q":"0.574","m":true,"T":"2023-09-10T16:58:03Z"}
{"p":"1610.07","s":"ETHUSDT","q":"1.306","m":true,"T":"2023-09-10T16:58:03Z"}
{"p":"17.995","s":"SOLUSDT","q":"15","m":true,"T":"2023-09-10T16:58:03Z"}
{"p":"17.997","s":"SOLUSDT","q":"155","m":false,"T":"2023-09-10T16:58:03Z"}
{"p":"17.996","s":"SOLUSDT","q":"326","m":false,"T":"2023-09-10T16:58:03Z"}
{"p":"25762.2","s":"BTCUSDT","q":"0.001","m":false,"T":"2023-09-10T16:58:03Z"}
{"p":"1610.08","s":"ETHUSDT","q":"0.15","m":false,"T":"2023-09-10T16:58:03Z"}
{"p":"17.998","s":"SOLUSDT","q":"212","m":false,"T":"2023-09-10T16:58:03Z"}
{"p":"1610.08","s":"ETHUSDT","q":"0.397","m":false,"T":"2023-09-10T16:58:03Z"}
{"p":"25762.2","s":"BTCUSDT","q":"0.547","m":false,"T":"2023-09-10T16:58:03Z"}
{"p":"17.998","s":"SOLUSDT","q":"3","m":true,"T":"2023-09-10T16:58:03Z"}
{"p":"17.999","s":"SOLUSDT","q":"100","m":false,"T":"2023-09-10T16:58:03Z"}
{"p":"17.999","s":"SOLUSDT","q":"267","m":false,"T":"2023-09-10T16:58:03Z"}
{"p":"1610.08","s":"ETHUSDT","q":"0.01","m":false,"T":"2023-09-10T16:58:03Z"}
{"p":"1610.08","s":"ETHUSDT","q":"0.01","m":false,"T":"2023-09-10T16:58:03Z"}
{"p":"17.999","s":"SOLUSDT","q":"2","m":true,"T":"2023-09-10T16:58:03Z"}
{"p":"18.001","s":"SOLUSDT","q":"62","m":false,"T":"2023-09-10T16:58:03Z"}
{"p":"18","s":"SOLUSDT","q":"1","m":false,"T":"2023-09-10T16:58:03Z"}
{"p":"18.002","s":"SOLUSDT","q":"198","m":false,"T":"2023-09-10T16:58:03Z"}
{"p":"25762.2","s":"BTCUSDT","q":"1.391","m":false,"T":"2023-09-10T16:58:03Z"}
{"p":"18.001","s":"SOLUSDT","q":"29","m":true,"T":"2023-09-10T16:58:03Z"}
{"p":"1610.07","s":"ETHUSDT","q":"0.13","m":true,"T":"2023-09-10T16:58:03Z"}
{"p":"18.002","s":"SOLUSDT","q":"89","m":false,"T":"2023-09-10T16:58:03Z"}
{"p":"18.003","s":"SOLUSDT","q":"11","m":true,"T":"2023-09-10T16:58:03Z"}
{"p":"1610.07","s":"ETHUSDT","q":"0.931","m":true,"T":"2023-09-10T16:58:03Z"}
{"p":"25762.1","s":"BTCUSDT","q":"0.035","m":true,"T":"2023-09-10T16:58:03Z"}
{"p":"1610.09","s":"ETHUSDT","q":"0.134","m":false,"T":"2023-09-10T16:58:03Z"}
{"p":"1610.08","s":"ETHUSDT","q":"49.127","m":false,"T":"2023-09-10T16:58:03Z"}
{"p":"1610.1","s":"ETHUSDT","q":"0.138","m":false,"T":"2023-09-10T16:58:03Z"}
{"p":"1610.11","s":"ETHUSDT","q":"1.13","m":false,"T":"2023-09-10T16:58:03Z"}
{"p":"25762.2","s":"BTCUSDT","q":"4.253","m":false,"T":"2023-09-10T16:58:03Z"}
{"p":"25762.3","s":"BTCUSDT","q":"0.001","m":false,"T":"2023-09-10T16:58:03Z"}
{"p":"1610.12","s":"ETHUSDT","q":"0.01","m":false,"T":"2023-09-10T16:58:03Z"}
{"p":"25762.4","s":"BTCUSDT","q":"0.021","m":false,"T":"2023-09-10T16:58:03Z"}
{"p":"1610.13","s":"ETHUSDT","q":"0.01","m":false,"T":"2023-09-10T16:58:03Z"}
{"p":"25762.6","s":"BTCUSDT","q":"0.001","m":false,"T":"2023-09-10T16:58:03Z"}
{"p":"25762.5","s":"BTCUSDT","q":"0.001","m":false,"T":"2023-09-10T16:58:03Z"}
{"p":"25762.8","s":"BTCUSDT","q":"0.353","m":false,"T":"2023-09-10T16:58:03Z"}
{"p":"25762.7","s":"BTCUSDT","q":"0.001","m":false,"T":"2023-09-10T16:58:03Z"}
{"p":"18.003","s":"SOLUSDT","q":"20","m":true,"T":"2023-09-10T16:58:03Z"}
{"p":"25762.9","s":"BTCUSDT","q":"0.001","m":false,"T":"2023-09-10T16:58:03Z"}
{"p":"25763","s":"BTCUSDT","q":"0.012","m":false,"T":"2023-09-10T16:58:03Z"}
{"p":"25763.2","s":"BTCUSDT","q":"0.001","m":false,"T":"2023-09-10T16:58:03Z"}
{"p":"25763.1","s":"BTCUSDT","q":"0.045","m":false,"T":"2023-09-10T16:58:03Z"}
{"p":"25763.4","s":"BTCUSDT","q":"0.176","m":false,"T":"2023-09-10T16:58:03Z"}
{"p":"25763.3","s":"BTCUSDT","q":"0.001","m":false,"T":"2023-09-10T16:58:03Z"}
{"p":"1610.14","s":"ETHUSDT","q":"0.067","m":false,"T":"2023-09-10T16:58:03Z"}
{"p":"18.004","s":"SOLUSDT","q":"114","m":false,"T":"2023-09-10T16:58:03Z"}
{"p":"25763.5","s":"BTCUSDT","q":"0.001","m":false,"T":"2023-09-10T16:58:03Z"}
{"p":"18.005","s":"SOLUSDT","q":"10","m":true,"T":"2023-09-10T16:58:03Z"}
{"p":"25763.6","s":"BTCUSDT","q":"0.001","m":false,"T":"2023-09-10T16:58:03Z"}
{"p":"60.59","s":"LTCUSDT","q":"104.811","m":false,"T":"2023-09-10T16:58:03Z"}
{"p":"1610.15","s":"ETHUSDT","q":"0.01","m":false,"T":"2023-09-10T16:58:03Z"}
{"p":"18.006","s":"SOLUSDT","q":"14","m":false,"T":"2023-09-10T16:58:03Z"}
{"p":"25763.6","s":"BTCUSDT","q":"0.155","m":true,"T":"2023-09-10T16:58:03Z"}
{"p":"18.005","s":"SOLUSDT","q":"230","m":true,"T":"2023-09-10T16:58:04Z"}
{"p":"60.6","s":"LTCUSDT","q":"10","m":false,"T":"2023-09-10T16:58:04Z"}
{"p":"18.003","s":"SOLUSDT","q":"33","m":true,"T":"2023-09-10T16:58:04Z"}
{"p":"18.004","s":"SOLUSDT","q":"9","m":true,"T":"2023-09-10T16:58:04Z"}
{"p":"1610.17","s":"ETHUSDT","q":"0.07","m":false,"T":"2023-09-10T16:58:04Z"}
{"p":"1610.16","s":"ETHUSDT","q":"4.486","m":false,"T":"2023-09-10T16:58:04Z"}
{"p":"25763.7","s":"BTCUSDT","q":"0.046","m":false,"T":"2023-09-10T16:58:04Z"}
{"p":"25763.6","s":"BTCUSDT","q":"0.007","m":true,"T":"2023-09-10T16:58:04Z"}
{"p":"25763.9","s":"BTCUSDT","q":"0.001","m":false,"T":"2023-09-10T16:58:04Z"}
{"p":"25763.8","s":"BTCUSDT","q":"0.002","m":false,"T":"2023-09-10T16:58:04Z"}
{"p":"25764","s":"BTCUSDT","q":"0.004","m":false,"T":"2023-09-10T16:58:04Z"}
{"p":"25764.1","s":"BTCUSDT","q":"0.001","m":false,"T":"2023-09-10T16:58:04Z"}
{"p":"25764.3","s":"BTCUSDT","q":"0.014","m":false,"T":"2023-09-10T16:58:04Z"}
{"p":"25764.2","s":"BTCUSDT","q":"0.029","m":false,"T":"2023-09-10T16:58:04Z"}
{"p":"25764.4","s":"BTCUSDT","q":"0.01","m":false,"T":"2023-09-10T16:58:04Z"}
{"p":"18.002","s":"SOLUSDT","q":"270","m":false,"T":"2023-09-10T16:58:04Z"}
{"p":"18.002","s":"SOLUSDT","q":"108","m":true,"T":"2023-09-10T16:58:04Z"}
{"p":"18.004","s":"SOLUSDT","q":"340","m":false,"T":"2023-09-10T16:58:04Z"}
{"p":"18.003","s":"SOLUSDT","q":"166","m":false,"T":"2023-09-10T16:58:04Z"}
{"p":"25764.5","s":"BTCUSDT","q":"0.02","m":false,"T":"2023-09-10T16:58:04Z"}
{"p":"1610.18","s":"ETHUSDT","q":"1.486","m":false,"T":"2023-09-10T16:58:04Z"}
{"p":"60.6","s":"LTCUSDT","q":"0.715","m":false,"T":"2023-09-10T16:58:04Z"}
{"p":"1610.19","s":"ETHUSDT","q":"0.01","m":false,"T":"2023-09-10T16:58:04Z"}
{"p":"18.005","s":"SOLUSDT","q":"470","m":false,"T":"2023-09-10T16:58:04Z"}
{"p":"25764.6","s":"BTCUSDT","q":"0.123","m":false,"T":"2023-09-10T16:58:04Z"}
{"p":"1610.19","s":"ETHUSDT","q":"10.062","m":true,"T":"2023-09-10T16:58:04Z"}
{"p":"18.005","s":"SOLUSDT","q":"150","m":true,"T":"2023-09-10T16:58:04Z"}
{"p":"18.004","s":"SOLUSDT","q":"134","m":true,"T":"2023-09-10T16:58:04Z"}
{"p":"1610.19","s":"ETHUSDT","q":"0.05","m":true,"T":"2023-09-10T16:58:04Z"}
{"p":"18.005","s":"SOLUSDT","q":"5","m":false,"T":"2023-09-10T16:58:04Z"}
{"p":"25764.6","s":"BTCUSDT","q":"0.001","m":false,"T":"2023-09-10T16:58:04Z"}
{"p":"25764.5","s":"BTCUSDT","q":"0.005","m":true,"T":"2023-09-10T16:58:04Z"}
{"p":"1610.2","s":"ETHUSDT","q":"0.028","m":false,"T":"2023-09-10T16:58:04Z"}
{"p":"1610.21","s":"ETHUSDT","q":"0.014","m":false,"T":"2023-09-10T16:58:04Z"}
{"p":"1610.22","s":"ETHUSDT","q":"0.009","m":false,"T":"2023-09-10T16:58:04Z"}
{"p":"25764.5","s":"BTCUSDT","q":"0.005","m":true,"T":"2023-09-10T16:58:04Z"}
{"p":"1610.23","s":"ETHUSDT","q":"0.05","m":false,"T":"2023-09-10T16:58:04Z"}
{"p":"60.59","s":"LTCUSDT","q":"1.336","m":true,"T":"2023-09-10T16:58:04Z"}
{"p":"1610.23","s":"ETHUSDT","q":"8.711","m":true,"T":"2023-09-10T16:58:05Z"}
{"p":"1610.23","s":"ETHUSDT","q":"2","m":true,"T":"2023-09-10T16:58:05Z"}
{"p":"18.004","s":"SOLUSDT","q":"8","m":true,"T":"2023-09-10T16:58:05Z"}
{"p":"25764.5","s":"BTCUSDT","q":"0.015","m":true,"T":"2023-09-10T16:58:05Z"}
{"p":"1610.24","s":"ETHUSDT","q":"0.336","m":false,"T":"2023-09-10T16:58:05Z"}
{"p":"25764.6","s":"BTCUSDT","q":"0.003","m":false,"T":"2023-09-10T16:58:05Z"}
{"p":"1610.24","s":"ETHUSDT","q":"0.017","m":false,"T":"2023-09-10T16:58:05Z"}
{"p":"1610.24","s":"ETHUSDT","q":"6.031","m":false,"T":"2023-09-10T16:58:05Z"}
{"p":"1610.23","s":"ETHUSDT","q":"0.005","m":true,"T":"2023-09-10T16:58:05Z"}
{"p":"1610.26","s":"ETHUSDT","q":"0.01","m":false,"T":"2023-09-10T16:58:05Z"}
{"p":"1610.25","s":"ETHUSDT","q":"0.024","m":false,"T":"2023-09-10T16:58:05Z"}
{"p":"1610.28","s":"ETHUSDT","q":"1.034","m":false,"T":"2023-09-10T16:58:05Z"}
{"p":"1610.27","s":"ETHUSDT","q":"0.01","m":false,"T":"2023-09-10T16:58:05Z"}
{"p":"1610.3","s":"ETHUSDT","q":"0.004","m":false,"T":"2023-09-10T16:58:05Z"}
{"p":"1610.29","s":"ETHUSDT","q":"0.01","m":false,"T":"2023-09-10T16:58:05Z"}
{"p":"1610.32","s":"ETHUSDT","q":"0.01","m":false,"T":"2023-09-10T16:58:05Z"}
{"p":"1610.31","s":"ETHUSDT","q":"1.453","m":false,"T":"2023-09-10T16:58:05Z"}
{"p":"25764.5","s":"BTCUSDT","q":"0.347","m":true,"T":"2023-09-10T16:58:05Z"}
{"p":"1610.33","s":"ETHUSDT","q":"1.418","m":false,"T":"2023-09-10T16:58:05Z"}
{"p":"1610.32","s":"ETHUSDT","q":"0.09","m":true,"T":"2023-09-10T16:58:05Z"}
{"p":"60.59","s":"LTCUSDT","q":"0.231","m":true,"T":"2023-09-10T16:58:05Z"}
{"p":"1610.33","s":"ETHUSDT","q":"0.328","m":false,"T":"2023-09-10T16:58:05Z"}
{"p":"25764.6","s":"BTCUSDT","q":"0.427","m":false,"T":"2023-09-10T16:58:05Z"}
{"p":"1610.33","s":"ETHUSDT","q":"0.007","m":true,"T":"2023-09-10T16:58:06Z"}
{"p":"25764.5","s":"BTCUSDT","q":"0.001","m":true,"T":"2023-09-10T16:58:06Z"}
{"p":"60.6","s":"LTCUSDT","q":"0.62","m":false,"T":"2023-09-10T16:58:06Z"}
{"p":"25764.5","s":"BTCUSDT","q":"0.068","m":true,"T":"2023-09-10T16:58:06Z"}
{"p":"1610.34","s":"ETHUSDT","q":"0.082","m":false,"T":"2023-09-10T16:58:06Z"}
{"p":"60.6","s":"LTCUSDT","q":"19.848","m":false,"T":"2023-09-10T16:58:06Z"}
{"p":"25764.5","s":"BTCUSDT","q":"0.37","m":true,"T":"2023-09-10T16:58:06Z"}
{"p":"25764.5","s":"BTCUSDT","q":"0.195","m":true,"T":"2023-09-10T16:58:06Z"}
{"p":"25764.6","s":"BTCUSDT","q":"0.015","m":false,"T":"2023-09-10T16:58:06Z"}
{"p":"25764.5","s":"BTCUSDT","q":"0.1","m":true,"T":"2023-09-10T16:58:06Z"}
{"p":"1610.33","s":"ETHUSDT","q":"0.004","m":true,"T":"2023-09-10T16:58:06Z"}
{"p":"25764.6","s":"BTCUSDT","q":"0.169","m":false,"T":"2023-09-10T16:58:06Z"}
{"p":"60.6","s":"LTCUSDT","q":"1.387","m":true,"T":"2023-09-10T16:58:06Z"}
{"p":"18.005","s":"SOLUSDT","q":"162","m":false,"T":"2023-09-10T16:58:06Z"}
{"p":"25764.6","s":"BTCUSDT","q":"0.012","m":true,"T":"2023-09-10T16:58:07Z"}
{"p":"1610.33","s":"ETHUSDT","q":"5","m":true,"T":"2023-09-10T16:58:07Z"}
{"p":"18.004","s":"SOLUSDT","q":"127","m":true,"T":"2023-09-10T16:58:07Z"}
{"p":"18.005","s":"SOLUSDT","q":"42","m":true,"T":"2023-09-10T16:58:07Z"}
{"p":"18.003","s":"SOLUSDT","q":"1","m":true,"T":"2023-09-10T16:58:07Z"}
{"p":"25764.7","s":"BTCUSDT","q":"0.02","m":false,"T":"2023-09-10T16:58:07Z"}
{"p":"18.002","s":"SOLUSDT","q":"436","m":true,"T":"2023-09-10T16:58:07Z"}
{"p":"1610.34","s":"ETHUSDT","q":"0.62","m":false,"T":"2023-09-10T16:58:07Z"}
{"p":"25764.6","s":"BTCUSDT","q":"0.009","m":true,"T":"2023-09-10T16:58:07Z"}
{"p":"18.001","s":"SOLUSDT","q":"229","m":true,"T":"2023-09-10T16:58:07Z"}
{"p":"1610.33","s":"ETHUSDT","q":"2","m":true,"T":"2023-09-10T16:58:07Z"}
{"p":"25764.6","s":"BTCUSDT","q":"0.004","m":true,"T":"2023-09-10T16:58:07Z"}
{"p":"25764.7","s":"BTCUSDT","q":"0.009","m":false,"T":"2023-09-10T16:58:07Z"}
{"p":"18.002","s":"SOLUSDT","q":"109","m":false,"T":"2023-09-10T16:58:07Z"}
{"p":"18.003","s":"SOLUSDT","q":"6","m":false,"T":"2023-09-10T16:58:07Z"}
{"p":"1610.34","s":"ETHUSDT","q":"0.113","m":false,"T":"2023-09-10T16:58:07Z"}
{"p":"1610.34","s":"ETHUSDT","q":"0.289","m":false,"T":"2023-09-10T16:58:07Z"}
{"p":"25764.6","s":"BTCUSDT","q":"1.093","m":true,"T":"2023-09-10T16:58:07Z"}
{"p":"1610.33","s":"ETHUSDT","q":"0.519","m":true,"T":"2023-09-10T16:58:07Z"}
{"p":"18.003","s":"SOLUSDT","q":"43","m":true,"T":"2023-09-10T16:58:07Z"}
{"p":"1610.34","s":"ETHUSDT","q":"4.656","m":false,"T":"2023-09-10T16:58:08Z"}
{"p":"25764.7","s":"BTCUSDT","q":"0.001","m":false,"T":"2023-09-10T16:58:08Z"}
{"p":"25764.7","s":"BTCUSDT","q":"0.098","m":false,"T":"2023-09-10T16:58:08Z"}
{"p":"1610.33","s":"ETHUSDT","q":"0.83","m":true,"T":"2023-09-10T16:58:08Z"}
{"p":"18.003","s":"SOLUSDT","q":"679","m":true,"T":"2023-09-10T16:58:08Z"}
{"p":"18.002","s":"SOLUSDT","q":"1105","m":true,"T":"2023-09-10T16:58:08Z"}
{"p":"18","s":"SOLUSDT","q":"353","m":true,"T":"2023-09-10T16:58:08Z"}
{"p":"18.001","s":"SOLUSDT","q":"389","m":true,"T":"2023-09-10T16:58:08Z"}
{"p":"25764.7","s":"BTCUSDT","q":"0.141","m":false,"T":"2023-09-10T16:58:08Z"}
{"p":"1610.34","s":"ETHUSDT","q":"2.081","m":false,"T":"2023-09-10T16:58:08Z"}
{"p":"17.999","s":"SOLUSDT","q":"806","m":true,"T":"2023-09-10T16:58:08Z"}
{"p":"25764.6","s":"BTCUSDT","q":"0.019","m":true,"T":"2023-09-10T16:58:08Z"}
{"p":"1610.34","s":"ETHUSDT","q":"12.076","m":false,"T":"2023-09-10T16:58:08Z"}
{"p":"25764.7","s":"BTCUSDT","q":"0.001","m":false,"T":"2023-09-10T16:58:08Z"}
{"p":"18.001","s":"SOLUSDT","q":"1","m":false,"T":"2023-09-10T16:58:08Z"}
{"p":"1610.33","s":"ETHUSDT","q":"4.089","m":true,"T":"2023-09-10T16:58:08Z"}
{"p":"25764.6","s":"BTCUSDT","q":"0.623","m":true,"T":"2023-09-10T16:58:08Z"}
{"p":"18.001","s":"SOLUSDT","q":"5","m":false,"T":"2023-09-10T16:58:09Z"}
{"p":"18","s":"SOLUSDT","q":"69","m":true,"T":"2023-09-10T16:58:09Z"}
{"p":"18.002","s":"SOLUSDT","q":"129","m":false,"T":"2023-09-10T16:58:09Z"}
{"p":"60.6","s":"LTCUSDT","q":"83.274","m":true,"T":"2023-09-10T16:58:09Z"}
{"p":"1610.33","s":"ETHUSDT","q":"1.042","m":true,"T":"2023-09-10T16:58:09Z"}
{"p":"25764.7","s":"BTCUSDT","q":"2.234","m":false,"T":"2023-09-10T16:58:09Z"}
{"p":"25764.9","s":"BTCUSDT","q":"0.078","m":false,"T":"2023-09-10T16:58:09Z"}
{"p":"25764.8","s":"BTCUSDT","q":"0.27","m":false,"T":"2023-09-10T16:58:09Z"}
{"p":"25765.1","s":"BTCUSDT","q":"0.001","m":false,"T":"2023-09-10T16:58:09Z"}
{"p":"25765","s":"BTCUSDT","q":"0.044","m":false,"T":"2023-09-10T16:58:09Z"}
{"p":"25765.2","s":"BTCUSDT","q":"0.165","m":false,"T":"2023-09-10T16:58:09Z"}
{"p":"25765.4","s":"BTCUSDT","q":"0.009","m":false,"T":"2023-09-10T16:58:09Z"}
{"p":"25765.3","s":"BTCUSDT","q":"0.031","m":false,"T":"2023-09-10T16:58:09Z"}
{"p":"25765.6","s":"BTCUSDT","q":"0.078","m":false,"T":"2023-09-10T16:58:09Z"}
{"p":"25765.5","s":"BTCUSDT","q":"0.121","m":false,"T":"2023-09-10T16:58:09Z"}
{"p":"25765.8","s":"BTCUSDT","q":"0.089","m":false,"T":"2023-09-10T16:58:09Z"}
{"p":"25765.7","s":"BTCUSDT","q":"0.032","m":false,"T":"2023-09-10T16:58:09Z"}
{"p":"25766","s":"BTCUSDT","q":"0.001","m":false,"T":"2023-09-10T16:58:09Z"}
{"p":"25765.9","s":"BTCUSDT","q":"0.073","m":false,"T":"2023-09-10T16:58:09Z"}
{"p":"25766.1","s":"BTCUSDT","q":"0.288","m":false,"T":"2023-09-10T16:58:09Z"}
{"p":"25766.3","s":"BTCUSDT","q":"0.736","m":false,"T":"2023-09-10T16:58:09Z"}
{"p":"25766.2","s":"BTCUSDT","q":"0.011","m":false,"T":"2023-09-10T16:58:09Z"}
{"p":"25766.4","s":"BTCUSDT","q":"1.982","m":false,"T":"2023-09-10T16:58:09Z"}
{"p":"25766.6","s":"BTCUSDT","q":"0.267","m":false,"T":"2023-09-10T16:58:09Z"}
{"p":"25766.5","s":"BTCUSDT","q":"0.745","m":false,"T":"2023-09-10T16:58:09Z"}
{"p":"25766.8","s":"BTCUSDT","q":"0.01","m":false,"T":"2023-09-10T16:58:09Z"}
{"p":"25766.7","s":"BTCUSDT","q":"0.33","m":false,"T":"2023-09-10T16:58:09Z"}
{"p":"25767","s":"BTCUSDT","q":"0.157","m":false,"T":"2023-09-10T16:58:09Z"}
{"p":"25766.9","s":"BTCUSDT","q":"0.426","m":false,"T":"2023-09-10T16:58:09Z"}
{"p":"25767.2","s":"BTCUSDT","q":"0.033","m":false,"T":"2023-09-10T16:58:09Z"}
{"p":"25767.1","s":"BTCUSDT","q":"0.949","m":false,"T":"2023-09-10T16:58:09Z"}
{"p":"25767.3","s":"BTCUSDT","q":"0.01","m":false,"T":"2023-09-10T16:58:09Z"}
{"p":"25767.5","s":"BTCUSDT","q":"0.156","m":false,"T":"2023-09-10T16:58:09Z"}
{"p":"25767.4","s":"BTCUSDT","q":"0.136","m":false,"T":"2023-09-10T16:58:09Z"}
{"p":"25767.7","s":"BTCUSDT","q":"0.002","m":false,"T":"2023-09-10T16:58:09Z"}
{"p":"25767.6","s":"BTCUSDT","q":"0.167","m":false,"T":"2023-09-10T16:58:09Z"}
{"p":"25767.9","s":"BTCUSDT","q":"1.11","m":false,"T":"2023-09-10T16:58:09Z"}
{"p":"25767.8","s":"BTCUSDT","q":"0.01","m":false,"T":"2023-09-10T16:58:09Z"}
{"p":"25768.1","s":"BTCUSDT","q":"4.007","m":false,"T":"2023-09-10T16:58:09Z"}
{"p":"25768","s":"BTCUSDT","q":"0.205","m":false,"T":"2023-09-10T16:58:09Z"}
{"p":"25768.3","s":"BTCUSDT","q":"0.029","m":false,"T":"2023-09-10T16:58:09Z"}
{"p":"25768.2","s":"BTCUSDT","q":"0.165","m":false,"T":"2023-09-10T16:58:09Z"}
{"p":"25768.4","s":"BTCUSDT","q":"0.016","m":false,"T":"2023-09-10T16:58:09Z"}
{"p":"25768.6","s":"BTCUSDT","q":"0.817","m":false,"T":"2023-09-10T16:58:09Z"}
{"p":"25768.5","s":"BTCUSDT","q":"0.026","m":false,"T":"2023-09-10T16:58:09Z"}
{"p":"25768.8","s":"BTCUSDT","q":"0.005","m":false,"T":"2023-09-10T16:58:09Z"}
{"p":"25768.7","s":"BTCUSDT","q":"0.392","m":false,"T":"2023-09-10T16:58:09Z"}
{"p":"25769","s":"BTCUSDT","q":"1.672","m":false,"T":"2023-09-10T16:58:09Z"}
{"p":"25768.9","s":"BTCUSDT","q":"0.779","m":false,"T":"2023-09-10T16:58:09Z"}
{"p":"25769.1","s":"BTCUSDT","q":"4.691","m":false,"T":"2023-09-10T16:58:09Z"}
{"p":"25769.3","s":"BTCUSDT","q":"1.661","m":false,"T":"2023-09-10T16:58:09Z"}
{"p":"25769.2","s":"BTCUSDT","q":"0.303","m":false,"T":"2023-09-10T16:58:09Z"}
{"p":"25769.5","s":"BTCUSDT","q":"0.004","m":false,"T":"2023-09-10T16:58:09Z"}
{"p":"25769.4","s":"BTCUSDT","q":"0.021","m":false,"T":"2023-09-10T16:58:09Z"}
{"p":"25769.7","s":"BTCUSDT","q":"3.494","m":false,"T":"2023-09-10T16:58:09Z"}
{"p":"25769.6","s":"BTCUSDT","q":"2.609","m":false,"T":"2023-09-10T16:58:09Z"}
{"p":"25769.9","s":"BTCUSDT","q":"1.748","m":false,"T":"2023-09-10T16:58:09Z"}
{"p":"25769.8","s":"BTCUSDT","q":"0.02","m":false,"T":"2023-09-10T16:58:09Z"}
{"p":"25770.1","s":"BTCUSDT","q":"2.296","m":false,"T":"2023-09-10T16:58:09Z"}
{"p":"25770.4","s":"BTCUSDT","q":"0.032","m":false,"T":"2023-09-10T16:58:09Z"}
{"p":"25770","s":"BTCUSDT","q":"0.465","m":false,"T":"2023-09-10T16:58:09Z"}
{"p":"25770.3","s":"BTCUSDT","q":"0.066","m":false,"T":"2023-09-10T16:58:09Z"}
{"p":"25770.6","s":"BTCUSDT","q":"0.039","m":false,"T":"2023-09-10T16:58:09Z"}
{"p":"25770.5","s":"BTCUSDT","q":"0.097","m":false,"T":"2023-09-10T16:58:09Z"}
{"p":"25770.8","s":"BTCUSDT","q":"0.015","m":false,"T":"2023-09-10T16:58:09Z"}
{"p":"25770.7","s":"BTCUSDT","q":"1.308","m":false,"T":"2023-09-10T16:58:09Z"}
{"p":"25771","s":"BTCUSDT","q":"1.403","m":false,"T":"2023-09-10T16:58:09Z"}
{"p":"25771.2","s":"BTCUSDT","q":"2.484","m":false,"T":"2023-09-10T16:58:09Z"}
{"p":"25770.9","s":"BTCUSDT","q":"0.038","m":false,"T":"2023-09-10T16:58:09Z"}
{"p":"25771.1","s":"BTCUSDT","q":"2.932","m":false,"T":"2023-09-10T16:58:09Z"}
{"p":"25771.4","s":"BTCUSDT","q":"1.18","m":false,"T":"2023-09-10T16:58:09Z"}
{"p":"25771.3","s":"BTCUSDT","q":"2.926","m":false,"T":"2023-09-10T16:58:09Z"}
{"p":"25771.5","s":"BTCUSDT","q":"0.961","m":false,"T":"2023-09-10T16:58:09Z"}
{"p":"18.001","s":"SOLUSDT","q":"17","m":true,"T":"2023-09-10T16:58:09Z"}
{"p":"25771.6","s":"BTCUSDT","q":"0.343","m":false,"T":"2023-09-10T16:58:09Z"}
{"p":"18.003","s":"SOLUSDT","q":"40","m":false,"T":"2023-09-10T16:58:09Z"}
{"p":"18.002","s":"SOLUSDT","q":"2","m":false,"T":"2023-09-10T16:58:09Z"}
{"p":"1610.35","s":"ETHUSDT","q":"0.008","m":false,"T":"2023-09-10T16:58:09Z"}
{"p":"1610.34","s":"ETHUSDT","q":"30.522","m":false,"T":"2023-09-10T16:58:09Z"}
{"p":"1610.37","s":"ETHUSDT","q":"0.014","m":false,"T":"2023-09-10T16:58:09Z"}
{"p":"1610.36","s":"ETHUSDT","q":"0.038","m":false,"T":"2023-09-10T16:58:09Z"}
{"p":"1610.39","s":"ETHUSDT","q":"0.014","m":false,"T":"2023-09-10T16:58:09Z"}
{"p":"1610.38","s":"ETHUSDT","q":"0.058","m":false,"T":"2023-09-10T16:58:09Z"}
{"p":"1610.4","s":"ETHUSDT","q":"4.948","m":false,"T":"2023-09-10T16:58:09Z"}
{"p":"1610.41","s":"ETHUSDT","q":"2.23","m":false,"T":"2023-09-10T16:58:09Z"}
{"p":"1610.43","s":"ETHUSDT","q":"2.344","m":false,"T":"2023-09-10T16:58:09Z"}
{"p":"1610.42","s":"ETHUSDT","q":"0.284","m":false,"T":"2023-09-10T16:58:09Z"}
{"p":"1610.45","s":"ETHUSDT","q":"0.164","m":false,"T":"2023-09-10T16:58:09Z"}
{"p":"1610.44","s":"ETHUSDT","q":"0.323","m":false,"T":"2023-09-10T16:58:09Z"}
{"p":"1610.47","s":"ETHUSDT","q":"0.009","m":false,"T":"2023-09-10T16:58:09Z"}
{"p":"1610.46","s":"ETHUSDT","q":"0.014","m":false,"T":"2023-09-10T16:58:09Z"}
{"p":"1610.48","s":"ETHUSDT","q":"3.896","m":false,"T":"2023-09-10T16:58:09Z"}
{"p":"60.59","s":"LTCUSDT","q":"242.488","m":true,"T":"2023-09-10T16:58:09Z"}
{"p":"18.004","s":"SOLUSDT","q":"575","m":false,"T":"2023-09-10T16:58:09Z"}
{"p":"1610.49","s":"ETHUSDT","q":"0.005","m":false,"T":"2023-09-10T16:58:09Z"}
{"p":"60.59","s":"LTCUSDT","q":"156.488","m":false,"T":"2023-09-10T16:58:09Z"}
{"p":"1610.51","s":"ETHUSDT","q":"49.652","m":false,"T":"2023-09-10T16:58:09Z"}
{"p":"1610.5","s":"ETHUSDT","q":"0.673","m":false,"T":"2023-09-10T16:58:09Z"}
{"p":"1610.52","s":"ETHUSDT","q":"2.217","m":false,"T":"2023-09-10T16:58:09Z"}
{"p":"1610.53","s":"ETHUSDT","q":"1.175","m":false,"T":"2023-09-10T16:58:09Z"}
{"p":"60.59","s":"LTCUSDT","q":"4.401","m":true,"T":"2023-09-10T16:58:09Z"}
{"p":"1610.55","s":"ETHUSDT","q":"1","m":false,"T":"2023-09-10T16:58:09Z"}
{"p":"1610.54","s":"ETHUSDT","q":"0.837","m":false,"T":"2023-09-10T16:58:09Z"}
{"p":"1610.57","s":"ETHUSDT","q":"0.005","m":false,"T":"2023-09-10T16:58:09Z"}
{"p":"1610.56","s":"ETHUSDT","q":"13.154","m":false,"T":"2023-09-10T16:58:09Z"}
{"p":"1610.59","s":"ETHUSDT","q":"0.425","m":false,"T":"2023-09-10T16:58:09Z"}
{"p":"1610.58","s":"ETHUSDT","q":"1.248","m":false,"T":"2023-09-10T16:58:09Z"}
{"p":"1610.61","s":"ETHUSDT","q":"1.036","m":false,"T":"2023-09-10T16:58:09Z"}
{"p":"1610.6","s":"ETHUSDT","q":"0.009","m":false,"T":"2023-09-10T16:58:09Z"}
{"p":"1610.63","s":"ETHUSDT","q":"1.005","m":false,"T":"2023-09-10T16:58:09Z"}
{"p":"1610.62","s":"ETHUSDT","q":"0.524","m":false,"T":"2023-09-10T16:58:09Z"}
{"p":"1610.64","s":"ETHUSDT","q":"8.999","m":false,"T":"2023-09-10T16:58:09Z"}
{"p":"25770.8","s":"BTCUSDT","q":"0.015","m":false,"T":"2023-09-10T16:58:09Z"}
{"p":"18.005","s":"SOLUSDT","q":"83","m":false,"T":"2023-09-10T16:58:09Z"}
{"p":"25770.7","s":"BTCUSDT","q":"1.941","m":true,"T":"2023-09-10T16:58:09Z"}
{"p":"60.59","s":"LTCUSDT","q":"79.426","m":false,"T":"2023-09-10T16:58:09Z"}
{"p":"1610.63","s":"ETHUSDT","q":"51.383","m":true,"T":"2023-09-10T16:58:09Z"}
{"p":"25770.8","s":"BTCUSDT","q":"0.018","m":false,"T":"2023-09-10T16:58:09Z"}
{"p":"1610.64","s":"ETHUSDT","q":"0.009","m":false,"T":"2023-09-10T16:58:09Z"}
{"p":"60.6","s":"LTCUSDT","q":"24.474","m":false,"T":"2023-09-10T16:58:09Z"}
{"p":"18.005","s":"SOLUSDT","q":"89","m":true,"T":"2023-09-10T16:58:09Z"}
{"p":"60.61","s":"LTCUSDT","q":"27.744","m":false,"T":"2023-09-10T16:58:09Z"}
{"p":"25770.8","s":"BTCUSDT","q":"0.001","m":false,"T":"2023-09-10T16:58:09Z"}
{"p":"25770.7","s":"BTCUSDT","q":"0.054","m":true,"T":"2023-09-10T16:58:09Z"}
{"p":"25770.8","s":"BTCUSDT","q":"0.003","m":false,"T":"2023-09-10T16:58:10Z"}
{"p":"18.005","s":"SOLUSDT","q":"52","m":true,"T":"2023-09-10T16:58:09Z"}
{"p":"1610.64","s":"ETHUSDT","q":"0.024","m":false,"T":"2023-09-10T16:58:10Z"}
{"p":"25770.7","s":"BTCUSDT","q":"1.017","m":true,"T":"2023-09-10T16:58:10Z"}
{"p":"1610.64","s":"ETHUSDT","q":"4.736","m":false,"T":"2023-09-10T16:58:10Z"}
{"p":"18.005","s":"SOLUSDT","q":"200","m":true,"T":"2023-09-10T16:58:10Z"}
{"p":"18.004","s":"SOLUSDT","q":"275","m":true,"T":"2023-09-10T16:58:10Z"}
{"p":"18.005","s":"SOLUSDT","q":"100","m":true,"T":"2023-09-10T16:58:10Z"}
{"p":"18.002","s":"SOLUSDT","q":"586","m":true,"T":"2023-09-10T16:58:10Z"}
{"p":"18.003","s":"SOLUSDT","q":"253","m":true,"T":"2023-09-10T16:58:10Z"}
{"p":"18","s":"SOLUSDT","q":"422","m":true,"T":"2023-09-10T16:58:10Z"}
{"p":"18.001","s":"SOLUSDT","q":"185","m":true,"T":"2023-09-10T16:58:10Z"}
{"p":"17.998","s":"SOLUSDT","q":"277","m":true,"T":"2023-09-10T16:58:10Z"}
{"p":"17.999","s":"SOLUSDT","q":"117","m":true,"T":"2023-09-10T16:58:10Z"}
{"p":"17.997","s":"SOLUSDT","q":"4","m":true,"T":"2023-09-10T16:58:10Z"}
{"p":"17.998","s":"SOLUSDT","q":"24","m":false,"T":"2023-09-10T16:58:10Z"}
{"p":"25770.7","s":"BTCUSDT","q":"0.679","m":true,"T":"2023-09-10T16:58:10Z"}
{"p":"18.002","s":"SOLUSDT","q":"87","m":true,"T":"2023-09-10T16:58:11Z"}
{"p":"25770.8","s":"BTCUSDT","q":"0.07","m":false,"T":"2023-09-10T16:58:11Z"}
{"p":"1610.64","s":"ETHUSDT","q":"1.039","m":false,"T":"2023-09-10T16:58:11Z"}
{"p":"1610.63","s":"ETHUSDT","q":"0.085","m":true,"T":"2023-09-10T16:58:11Z"}
{"p":"18.003","s":"SOLUSDT","q":"23","m":false,"T":"2023-09-10T16:58:11Z"}
{"p":"25770.8","s":"BTCUSDT","q":"0.02","m":false,"T":"2023-09-10T16:58:11Z"}
{"p":"60.6","s":"LTCUSDT","q":"1.846","m":true,"T":"2023-09-10T16:58:11Z"}
{"p":"1610.63","s":"ETHUSDT","q":"2.672","m":true,"T":"2023-09-10T16:58:11Z"}
{"p":"1610.64","s":"ETHUSDT","q":"20.668","m":false,"T":"2023-09-10T16:58:11Z"}
{"p":"25770.8","s":"BTCUSDT","q":"0.066","m":false,"T":"2023-09-10T16:58:11Z"}
{"p":"1610.63","s":"ETHUSDT","q":"0.751","m":true,"T":"2023-09-10T16:58:11Z"}
{"p":"1610.64","s":"ETHUSDT","q":"0.049","m":false,"T":"2023-09-10T16:58:11Z"}
{"p":"1610.64","s":"ETHUSDT","q":"1.51","m":false,"T":"2023-09-10T16:58:12Z"}
{"p":"1610.63","s":"ETHUSDT","q":"19.247","m":true,"T":"2023-09-10T16:58:12Z"}
{"p":"1610.62","s":"ETHUSDT","q":"3.051","m":true,"T":"2023-09-10T16:58:12Z"}
{"p":"1610.63","s":"ETHUSDT","q":"40.074","m":true,"T":"2023-09-10T16:58:12Z"}
{"p":"1610.6","s":"ETHUSDT","q":"0.004","m":true,"T":"2023-09-10T16:58:12Z"}
{"p":"1610.61","s":"ETHUSDT","q":"1.468","m":true,"T":"2023-09-10T16:58:12Z"}
{"p":"1610.58","s":"ETHUSDT","q":"3.375","m":true,"T":"2023-09-10T16:58:12Z"}
{"p":"1610.59","s":"ETHUSDT","q":"0.02","m":true,"T":"2023-09-10T16:58:12Z"}
{"p":"1610.56","s":"ETHUSDT","q":"0.01","m":true,"T":"2023-09-10T16:58:12Z"}
{"p":"1610.57","s":"ETHUSDT","q":"0.02","m":true,"T":"2023-09-10T16:58:12Z"}
{"p":"1610.54","s":"ETHUSDT","q":"0.02","m":true,"T":"2023-09-10T16:58:12Z"}
{"p":"18.002","s":"SOLUSDT","q":"27","m":true,"T":"2023-09-10T16:58:12Z"}
{"p":"1610.55","s":"ETHUSDT","q":"1.109","m":false,"T":"2023-09-10T16:58:12Z"}
{"p":"1610.54","s":"ETHUSDT","q":"70.198","m":false,"T":"2023-09-10T16:58:12Z"}
{"p":"1610.57","s":"ETHUSDT","q":"0.568","m":false,"T":"2023-09-10T16:58:12Z"}
{"p":"1610.56","s":"ETHUSDT","q":"2.88","m":false,"T":"2023-09-10T16:58:12Z"}
{"p":"1610.62","s":"ETHUSDT","q":"3.104","m":false,"T":"2023-09-10T16:58:12Z"}
{"p":"1610.61","s":"ETHUSDT","q":"11.977","m":false,"T":"2023-09-10T16:58:12Z"}
{"p":"1610.64","s":"ETHUSDT","q":"16.831","m":false,"T":"2023-09-10T16:58:12Z"}
{"p":"1610.63","s":"ETHUSDT","q":"10.632","m":false,"T":"2023-09-10T16:58:12Z"}
{"p":"1610.65","s":"ETHUSDT","q":"0.519","m":false,"T":"2023-09-10T16:58:12Z"}
{"p":"1610.66","s":"ETHUSDT","q":"0.015","m":false,"T":"2023-09-10T16:58:12Z"}
{"p":"1610.68","s":"ETHUSDT","q":"0.417","m":false,"T":"2023-09-10T16:58:12Z"}
{"p":"1610.67","s":"ETHUSDT","q":"1.208","m":false,"T":"2023-09-10T16:58:12Z"}
{"p":"1610.7","s":"ETHUSDT","q":"0.167","m":false,"T":"2023-09-10T16:58:12Z"}
{"p":"1610.69","s":"ETHUSDT","q":"1.888","m":false,"T":"2023-09-10T16:58:12Z"}
{"p":"1610.72","s":"ETHUSDT","q":"3.891","m":false,"T":"2023-09-10T16:58:12Z"}
{"p":"1610.71","s":"ETHUSDT","q":"0.014","m":false,"T":"2023-09-10T16:58:12Z"}
{"p":"1610.74","s":"ETHUSDT","q":"3.885","m":false,"T":"2023-09-10T16:58:12Z"}
{"p":"1610.73","s":"ETHUSDT","q":"0.173","m":false,"T":"2023-09-10T16:58:12Z"}
{"p":"1610.76","s":"ETHUSDT","q":"0.058","m":false,"T":"2023-09-10T16:58:12Z"}
{"p":"1610.75","s":"ETHUSDT","q":"0.429","m":false,"T":"2023-09-10T16:58:12Z"}
{"p":"1610.78","s":"ETHUSDT","q":"10.769","m":false,"T":"2023-09-10T16:58:12Z"}
{"p":"1610.77","s":"ETHUSDT","q":"0.014","m":false,"T":"2023-09-10T16:58:12Z"}
{"p":"1610.8","s":"ETHUSDT","q":"23.541","m":false,"T":"2023-09-10T16:58:12Z"}
{"p":"1610.79","s":"ETHUSDT","q":"10.82","m":false,"T":"2023-09-10T16:58:12Z"}
{"p":"1610.82","s":"ETHUSDT","q":"0.281","m":false,"T":"2023-09-10T16:58:12Z"}
{"p":"1610.81","s":"ETHUSDT","q":"18.464","m":false,"T":"2023-09-10T16:58:12Z"}
{"p":"1610.84","s":"ETHUSDT","q":"3.149","m":false,"T":"2023-09-10T16:58:12Z"}
{"p":"1610.83","s":"ETHUSDT","q":"0.424","m":false,"T":"2023-09-10T16:58:12Z"}
{"p":"1610.85","s":"ETHUSDT","q":"2.579","m":false,"T":"2023-09-10T16:58:12Z"}
{"p":"25770.8","s":"BTCUSDT","q":"0.005","m":false,"T":"2023-09-10T16:58:12Z"}
{"p":"1610.84","s":"ETHUSDT","q":"10.05","m":true,"T":"2023-09-10T16:58:12Z"}
{"p":"1610.85","s":"ETHUSDT","q":"6","m":true,"T":"2023-09-10T16:58:12Z"}
{"p":"1610.83","s":"ETHUSDT","q":"0.013","m":true,"T":"2023-09-10T16:58:12Z"}
{"p":"60.6","s":"LTCUSDT","q":"18.823","m":true,"T":"2023-09-10T16:58:12Z"}
{"p":"1610.8","s":"ETHUSDT","q":"0.049","m":true,"T":"2023-09-10T16:58:12Z"}
{"p":"1610.81","s":"ETHUSDT","q":"0.009","m":false,"T":"2023-09-10T16:58:12Z"}
{"p":"1610.78","s":"ETHUSDT","q":"0.02","m":true,"T":"2023-09-10T16:58:12Z"}
{"p":"1610.79","s":"ETHUSDT","q":"0.004","m":true,"T":"2023-09-10T16:58:12Z"}
{"p":"1610.76","s":"ETHUSDT","q":"0.02","m":true,"T":"2023-09-10T16:58:12Z"}
{"p":"1610.77","s":"ETHUSDT","q":"0.02","m":true,"T":"2023-09-10T16:58:12Z"}
{"p":"1610.75","s":"ETHUSDT","q":"0.004","m":true,"T":"2023-09-10T16:58:12Z"}
{"p":"18.003","s":"SOLUSDT","q":"75","m":false,"T":"2023-09-10T16:58:12Z"}
{"p":"1610.73","s":"ETHUSDT","q":"0.024","m":true,"T":"2023-09-10T16:58:12Z"}
{"p":"1610.75","s":"ETHUSDT","q":"0.1","m":false,"T":"2023-09-10T16:58:12Z"}
{"p":"1610.71","s":"ETHUSDT","q":"0.02","m":true,"T":"2023-09-10T16:58:12Z"}
{"p":"1610.72","s":"ETHUSDT","q":"0.02","m":true,"T":"2023-09-10T16:58:12Z"}
{"p":"1610.69","s":"ETHUSDT","q":"0.02","m":true,"T":"2023-09-10T16:58:12Z"}
{"p":"1610.66","s":"ETHUSDT","q":"0.04","m":true,"T":"2023-09-10T16:58:12Z"}
{"p":"1610.67","s":"ETHUSDT","q":"0.02","m":true,"T":"2023-09-10T16:58:12Z"}
{"p":"1610.65","s":"ETHUSDT","q":"0.02","m":true,"T":"2023-09-10T16:58:12Z"}
{"p":"1610.7","s":"ETHUSDT","q":"0.004","m":true,"T":"2023-09-10T16:58:12Z"}
{"p":"25770.7","s":"BTCUSDT","q":"0.025","m":true,"T":"2023-09-10T16:58:12Z"}
{"p":"1610.62","s":"ETHUSDT","q":"0.03","m":true,"T":"2023-09-10T16:58:12Z"}
{"p":"1610.63","s":"ETHUSDT","q":"0.02","m":true,"T":"2023-09-10T16:58:12Z"}
{"p":"1610.61","s":"ETHUSDT","q":"0.02","m":true,"T":"2023-09-10T16:58:12Z"}
{"p":"25770.8","s":"BTCUSDT","q":"0.075","m":false,"T":"2023-09-10T16:58:12Z"}
{"p":"25770.8","s":"BTCUSDT","q":"0.005","m":false,"T":"2023-09-10T16:58:12Z"}
{"p":"25770.7","s":"BTCUSDT","q":"0.003","m":true,"T":"2023-09-10T16:58:12Z"}
{"p":"1610.61","s":"ETHUSDT","q":"1.039","m":false,"T":"2023-09-10T16:58:12Z"}
{"p":"25770.8","s":"BTCUSDT","q":"1.122","m":false,"T":"2023-09-10T16:58:12Z"}
{"p":"1610.61","s":"ETHUSDT","q":"2.051","m":false,"T":"2023-09-10T16:58:13Z"}
{"p":"25770.7","s":"BTCUSDT","q":"0.708","m":true,"T":"2023-09-10T16:58:13Z"}
{"p":"25770.8","s":"BTCUSDT","q":"3.374","m":false,"T":"2023-09-10T16:58:13Z"}
{"p":"25770.6","s":"BTCUSDT","q":"0.014","m":true,"T":"2023-09-10T16:58:13Z"}
{"p":"25770.5","s":"BTCUSDT","q":"0.026","m":true,"T":"2023-09-10T16:58:13Z"}
{"p":"25770.3","s":"BTCUSDT","q":"0.003","m":true,"T":"2023-09-10T16:58:13Z"}
{"p":"25770.4","s":"BTCUSDT","q":"0.018","m":true,"T":"2023-09-10T16:58:13Z"}
{"p":"25770.1","s":"BTCUSDT","q":"0.001","m":true,"T":"2023-09-10T16:58:13Z"}
{"p":"25770.2","s":"BTCUSDT","q":"0.001","m":true,"T":"2023-09-10T16:58:13Z"}
{"p":"25770","s":"BTCUSDT","q":"0.03","m":true,"T":"2023-09-10T16:58:13Z"}
{"p":"25769.9","s":"BTCUSDT","q":"0.004","m":true,"T":"2023-09-10T16:58:13Z"}
{"p":"25770","s":"BTCUSDT","q":"0.05","m":false,"T":"2023-09-10T16:58:13Z"}
{"p":"25770","s":"BTCUSDT","q":"0.358","m":false,"T":"2023-09-10T16:58:13Z"}
{"p":"25770","s":"BTCUSDT","q":"0.265","m":false,"T":"2023-09-10T16:58:13Z"}
{"p":"1610.61","s":"ETHUSDT","q":"0.205","m":false,"T":"2023-09-10T16:58:13Z"}
{"p":"1610.61","s":"ETHUSDT","q":"0.971","m":false,"T":"2023-09-10T16:58:13Z"}
{"p":"1610.6","s":"ETHUSDT","q":"0.551","m":true,"T":"2023-09-10T16:58:14Z"}
{"p":"60.61","s":"LTCUSDT","q":"0.495","m":false,"T":"2023-09-10T16:58:14Z"}
{"p":"25770","s":"BTCUSDT","q":"0.001","m":false,"T":"2023-09-10T16:58:14Z"}
{"p":"1610.61","s":"ETHUSDT","q":"0.492","m":false,"T":"2023-09-10T16:58:14Z"}
{"p":"60.61","s":"LTCUSDT","q":"0.907","m":false,"T":"2023-09-10T16:58:14Z"}
{"p":"18.004","s":"SOLUSDT","q":"254","m":false,"T":"2023-09-10T16:58:14Z"}
{"p":"1610.6","s":"ETHUSDT","q":"0.004","m":true,"T":"2023-09-10T16:58:14Z"}
{"p":"1610.61","s":"ETHUSDT","q":"3","m":false,"T":"2023-09-10T16:58:14Z"}
{"p":"1610.6","s":"ETHUSDT","q":"10","m":true,"T":"2023-09-10T16:58:14Z"}
{"p":"1610.6","s":"ETHUSDT","q":"0.31","m":true,"T":"2023-09-10T16:58:14Z"}
{"p":"1610.61","s":"ETHUSDT","q":"0.004","m":false,"T":"2023-09-10T16:58:14Z"}
{"p":"25770","s":"BTCUSDT","q":"0.023","m":false,"T":"2023-09-10T16:58:14Z"}
{"p":"18.005","s":"SOLUSDT","q":"2","m":false,"T":"2023-09-10T16:58:15Z"}
{"p":"18.006","s":"SOLUSDT","q":"326","m":false,"T":"2023-09-10T16:58:15Z"}
{"p":"25770","s":"BTCUSDT","q":"0.287","m":false,"T":"2023-09-10T16:58:14Z"}
{"p":"18.007","s":"SOLUSDT","q":"44","m":false,"T":"2023-09-10T16:58:15Z"}
{"p":"1610.6","s":"ETHUSDT","q":"0.169","m":true,"T":"2023-09-10T16:58:15Z"}
{"p":"18.007","s":"SOLUSDT","q":"12","m":false,"T":"2023-09-10T16:58:15Z"}
{"p":"25769.9","s":"BTCUSDT","q":"0.018","m":true,"T":"2023-09-10T16:58:15Z"}
{"p":"1610.61","s":"ETHUSDT","q":"1.792","m":false,"T":"2023-09-10T16:58:15Z"}
{"p":"25770","s":"BTCUSDT","q":"0.819","m":false,"T":"2023-09-10T16:58:15Z"}
{"p":"25770","s":"BTCUSDT","q":"0.443","m":false,"T":"2023-09-10T16:58:15Z"}
{"p":"18.006","s":"SOLUSDT","q":"19","m":true,"T":"2023-09-10T16:58:15Z"}
{"p":"1610.61","s":"ETHUSDT","q":"0.75","m":false,"T":"2023-09-10T16:58:16Z"}
{"p":"18.005","s":"SOLUSDT","q":"2","m":true,"T":"2023-09-10T16:58:16Z"}
{"p":"18.006","s":"SOLUSDT","q":"357","m":true,"T":"2023-09-10T16:58:16Z"}
{"p":"25770","s":"BTCUSDT","q":"0.002","m":false,"T":"2023-09-10T16:58:16Z"}
{"p":"1610.6","s":"ETHUSDT","q":"0.281","m":true,"T":"2023-09-10T16:58:16Z"}
{"p":"18.004","s":"SOLUSDT","q":"299","m":true,"T":"2023-09-10T16:58:16Z"}
{"p":"18.004","s":"SOLUSDT","q":"149","m":false,"T":"2023-09-10T16:58:16Z"}
{"p":"25770","s":"BTCUSDT","q":"0.051","m":false,"T":"2023-09-10T16:58:16Z"}
{"p":"25770","s":"BTCUSDT","q":"0.676","m":false,"T":"2023-09-10T16:58:16Z"}
{"p":"25769.9","s":"BTCUSDT","q":"0.098","m":true,"T":"2023-09-10T16:58:16Z"}
{"p":"18.006","s":"SOLUSDT","q":"82","m":false,"T":"2023-09-10T16:58:16Z"}
{"p":"18.005","s":"SOLUSDT","q":"4","m":true,"T":"2023-09-10T16:58:16Z"}
{"p":"18.007","s":"SOLUSDT","q":"413","m":false,"T":"2023-09-10T16:58:16Z"}
{"p":"18.006","s":"SOLUSDT","q":"15","m":false,"T":"2023-09-10T16:58:16Z"}
{"p":"18.008","s":"SOLUSDT","q":"179","m":false,"T":"2023-09-10T16:58:16Z"}
{"p":"18.009","s":"SOLUSDT","q":"154","m":false,"T":"2023-09-10T16:58:17Z"}
{"p":"18.008","s":"SOLUSDT","q":"6","m":true,"T":"2023-09-10T16:58:16Z"}
{"p":"18.01","s":"SOLUSDT","q":"648","m":false,"T":"2023-09-10T16:58:17Z"}
{"p":"18.011","s":"SOLUSDT","q":"24","m":false,"T":"2023-09-10T16:58:17Z"}
{"p":"1610.6","s":"ETHUSDT","q":"0.071","m":true,"T":"2023-09-10T16:58:16Z"}
{"p":"18.01","s":"SOLUSDT","q":"78","m":true,"T":"2023-09-10T16:58:17Z"}
{"p":"18.01","s":"SOLUSDT","q":"16","m":true,"T":"2023-09-10T16:58:17Z"}
{"p":"25769.9","s":"BTCUSDT","q":"0.439","m":true,"T":"2023-09-10T16:58:17Z"}
{"p":"1610.6","s":"ETHUSDT","q":"6.246","m":true,"T":"2023-09-10T16:58:17Z"}
{"p":"1610.58","s":"ETHUSDT","q":"0.01","m":true,"T":"2023-09-10T16:58:17Z"}
{"p":"1610.59","s":"ETHUSDT","q":"2.877","m":true,"T":"2023-09-10T16:58:17Z"}
{"p":"1610.57","s":"ETHUSDT","q":"0.01","m":true,"T":"2023-09-10T16:58:17Z"}
{"p":"1610.55","s":"ETHUSDT","q":"0.01","m":true,"T":"2023-09-10T16:58:17Z"}
{"p":"1610.56","s":"ETHUSDT","q":"0.02","m":true,"T":"2023-09-10T16:58:17Z"}
{"p":"1610.54","s":"ETHUSDT","q":"0.11","m":true,"T":"2023-09-10T16:58:17Z"}
{"p":"18.01","s":"SOLUSDT","q":"35","m":true,"T":"2023-09-10T16:58:17Z"}
{"p":"1610.52","s":"ETHUSDT","q":"0.01","m":true,"T":"2023-09-10T16:58:17Z"}
{"p":"18.008","s":"SOLUSDT","q":"53","m":true,"T":"2023-09-10T16:58:17Z"}
{"p":"1610.51","s":"ETHUSDT","q":"0.004","m":true,"T":"2023-09-10T16:58:17Z"}
{"p":"18.006","s":"SOLUSDT","q":"47","m":true,"T":"2023-09-10T16:58:17Z"}
{"p":"25770","s":"BTCUSDT","q":"0.293","m":false,"T":"2023-09-10T16:58:17Z"}
{"p":"18.006","s":"SOLUSDT","q":"2","m":true,"T":"2023-09-10T16:58:17Z"}
{"p":"25769.9","s":"BTCUSDT","q":"0.437","m":true,"T":"2023-09-10T16:58:17Z"}
{"p":"25769.9","s":"BTCUSDT","q":"0.006","m":true,"T":"2023-09-10T16:58:17Z"}
{"p":"25769.7","s":"BTCUSDT","q":"0.023","m":true,"T":"2023-09-10T16:58:17Z"}
{"p":"25769.8","s":"BTCUSDT","q":"0.043","m":true,"T":"2023-09-10T16:58:17Z"}
{"p":"25769.5","s":"BTCUSDT","q":"0.017","m":true,"T":"2023-09-10T16:58:17Z"}
{"p":"25769.6","s":"BTCUSDT","q":"0.001","m":true,"T":"2023-09-10T16:58:17Z"}
{"p":"25769.3","s":"BTCUSDT","q":"0.003","m":true,"T":"2023-09-10T16:58:17Z"}
{"p":"25769.4","s":"BTCUSDT","q":"0.001","m":true,"T":"2023-09-10T16:58:17Z"}
{"p":"25769.1","s":"BTCUSDT","q":"0.014","m":true,"T":"2023-09-10T16:58:17Z"}
{"p":"25769.2","s":"BTCUSDT","q":"0.002","m":true,"T":"2023-09-10T16:58:17Z"}
{"p":"25768.9","s":"BTCUSDT","q":"0.013","m":true,"T":"2023-09-10T16:58:17Z"}
{"p":"25769","s":"BTCUSDT","q":"0.335","m":true,"T":"2023-09-10T16:58:17Z"}
{"p":"25768.7","s":"BTCUSDT","q":"0.444","m":true,"T":"2023-09-10T16:58:17Z"}
{"p":"25768.8","s":"BTCUSDT","q":"0.131","m":true,"T":"2023-09-10T16:58:17Z"}
{"p":"1610.52","s":"ETHUSDT","q":"0.017","m":false,"T":"2023-09-10T16:58:17Z"}
{"p":"1610.5","s":"ETHUSDT","q":"0.033","m":true,"T":"2023-09-10T16:58:18Z"}
{"p":"1610.51","s":"ETHUSDT","q":"0.834","m":true,"T":"2023-09-10T16:58:17Z"}
{"p":"1610.48","s":"ETHUSDT","q":"0.04","m":true,"T":"2023-09-10T16:58:18Z"}
{"p":"25768.8","s":"BTCUSDT","q":"0.002","m":false,"T":"2023-09-10T16:58:17Z"}
{"p":"1610.49","s":"ETHUSDT","q":"0.02","m":true,"T":"2023-09-10T16:58:18Z"}
{"p":"1610.46","s":"ETHUSDT","q":"0.02","m":true,"T":"2023-09-10T16:58:18Z"}
{"p":"1610.47","s":"ETHUSDT","q":"0.01","m":true,"T":"2023-09-10T16:58:18Z"}
{"p":"25768.7","s":"BTCUSDT","q":"0.001","m":true,"T":"2023-09-10T16:58:17Z"}
{"p":"1610.45","s":"ETHUSDT","q":"0.01","m":true,"T":"2023-09-10T16:58:18Z"}
{"p":"18.004","s":"SOLUSDT","q":"48","m":true,"T":"2023-09-10T16:58:17Z"}
{"p":"1610.44","s":"ETHUSDT","q":"0.01","m":true,"T":"2023-09-10T16:58:18Z"}
{"p":"25768.5","s":"BTCUSDT","q":"0.001","m":true,"T":"2023-09-10T16:58:18Z"}
{"p":"18.005","s":"SOLUSDT","q":"12","m":false,"T":"2023-09-10T16:58:18Z"}
{"p":"18.004","s":"SOLUSDT","q":"44","m":true,"T":"2023-09-10T16:58:18Z"}
{"p":"1610.43","s":"ETHUSDT","q":"0.004","m":true,"T":"2023-09-10T16:58:18Z"}
{"p":"25768.3","s":"BTCUSDT","q":"0.016","m":true,"T":"2023-09-10T16:58:18Z"}
{"p":"25768.4","s":"BTCUSDT","q":"0.1","m":false,"T":"2023-09-10T16:58:18Z"}
{"p":"25768.1","s":"BTCUSDT","q":"0.001","m":true,"T":"2023-09-10T16:58:18Z"}
{"p":"25768.2","s":"BTCUSDT","q":"0.002","m":true,"T":"2023-09-10T16:58:18Z"}
{"p":"25767.9","s":"BTCUSDT","q":"0.098","m":true,"T":"2023-09-10T16:58:18Z"}
{"p":"25768","s":"BTCUSDT","q":"0.001","m":true,"T":"2023-09-10T16:58:18Z"}
{"p":"25767.7","s":"BTCUSDT","q":"0.001","m":true,"T":"2023-09-10T16:58:18Z"}
{"p":"25767.8","s":"BTCUSDT","q":"0.289","m":true,"T":"2023-09-10T16:58:18Z"}
{"p":"25767.5","s":"BTCUSDT","q":"0.001","m":true,"T":"2023-09-10T16:58:18Z"}
{"p":"25767.6","s":"BTCUSDT","q":"0.092","m":true,"T":"2023-09-10T16:58:18Z"}
{"p":"25767.3","s":"BTCUSDT","q":"0.001","m":true,"T":"2023-09-10T16:58:18Z"}
{"p":"18.005","s":"SOLUSDT","q":"34","m":false,"T":"2023-09-10T16:58:18Z"}
{"p":"25767.4","s":"BTCUSDT","q":"0.038","m":true,"T":"2023-09-10T16:58:18Z"}
{"p":"25767.2","s":"BTCUSDT","q":"0.001","m":true,"T":"2023-09-10T16:58:18Z"}
{"p":"18.004","s":"SOLUSDT","q":"26","m":true,"T":"2023-09-10T16:58:18Z"}
{"p":"25767.1","s":"BTCUSDT","q":"0.636","m":true,"T":"2023-09-10T16:58:18Z"}
{"p":"60.61","s":"LTCUSDT","q":"3","m":false,"T":"2023-09-10T16:58:18Z"}
{"p":"25767.2","s":"BTCUSDT","q":"0.053","m":false,"T":"2023-09-10T16:58:18Z"}
{"p":"1610.44","s":"ETHUSDT","q":"1.024","m":false,"T":"2023-09-10T16:58:18Z"}
{"p":"18.004","s":"SOLUSDT","q":"150","m":true,"T":"2023-09-10T16:58:18Z"}
{"p":"25767.2","s":"BTCUSDT","q":"0.001","m":false,"T":"2023-09-10T16:58:18Z"}
{"p":"18.005","s":"SOLUSDT","q":"2","m":false,"T":"2023-09-10T16:58:18Z"}
{"p":"1610.43","s":"ETHUSDT","q":"0.004","m":true,"T":"2023-09-10T16:58:18Z"}
{"p":"18.004","s":"SOLUSDT","q":"38","m":true,"T":"2023-09-10T16:58:18Z"}
{"p":"25767.1","s":"BTCUSDT","q":"0.005","m":true,"T":"2023-09-10T16:58:18Z"}
{"p":"25767.2","s":"BTCUSDT","q":"0.042","m":false,"T":"2023-09-10T16:58:18Z"}
{"p":"18.003","s":"SOLUSDT","q":"271","m":true,"T":"2023-09-10T16:58:18Z"}
{"p":"60.6","s":"LTCUSDT","q":"5.447","m":true,"T":"2023-09-10T16:58:18Z"}
{"p":"1610.44","s":"ETHUSDT","q":"3.759","m":false,"T":"2023-09-10T16:58:18Z"}
{"p":"25767.1","s":"BTCUSDT","q":"0.062","m":true,"T":"2023-09-10T16:58:18Z"}
{"p":"1610.43","s":"ETHUSDT","q":"0.522","m":true,"T":"2023-09-10T16:58:18Z"}
{"p":"1610.44","s":"ETHUSDT","q":"0.5","m":false,"T":"2023-09-10T16:58:19Z"}
{"p":"25767.2","s":"BTCUSDT","q":"0.018","m":false,"T":"2023-09-10T16:58:19Z"}
{"p":"25767.1","s":"BTCUSDT","q":"0.038","m":true,"T":"2023-09-10T16:58:19Z"}
{"p":"1610.43","s":"ETHUSDT","q":"0.06","m":true,"T":"2023-09-10T16:58:19Z"}
{"p":"1610.41","s":"ETHUSDT","q":"0.01","m":true,"T":"2023-09-10T16:58:19Z"}
{"p":"1610.42","s":"ETHUSDT","q":"0.004","m":true,"T":"2023-09-10T16:58:19Z"}
{"p":"1610.39","s":"ETHUSDT","q":"0.01","m":true,"T":"2023-09-10T16:58:19Z"}
{"p":"1610.4","s":"ETHUSDT","q":"0.004","m":true,"T":"2023-09-10T16:58:19Z"}
{"p":"1610.37","s":"ETHUSDT","q":"0.012","m":true,"T":"2023-09-10T16:58:19Z"}
{"p":"60.61","s":"LTCUSDT","q":"21.085","m":false,"T":"2023-09-10T16:58:19Z"}
{"p":"1610.36","s":"ETHUSDT","q":"0.004","m":true,"T":"2023-09-10T16:58:19Z"}
{"p":"25767.2","s":"BTCUSDT","q":"0.045","m":false,"T":"2023-09-10T16:58:19Z"}
{"p":"1610.36","s":"ETHUSDT","q":"0.083","m":true,"T":"2023-09-10T16:58:19Z"}
{"p":"1610.37","s":"ETHUSDT","q":"0.133","m":false,"T":"2023-09-10T16:58:19Z"}
{"p":"60.6","s":"LTCUSDT","q":"20.156","m":true,"T":"2023-09-10T16:58:19Z"}
{"p":"25767.2","s":"BTCUSDT","q":"0.224","m":false,"T":"2023-09-10T16:58:19Z"}
{"p":"1610.35","s":"ETHUSDT","q":"0.008","m":true,"T":"2023-09-10T16:58:19Z"}
{"p":"25767.1","s":"BTCUSDT","q":"0.014","m":true,"T":"2023-09-10T16:58:19Z"}
{"p":"1610.35","s":"ETHUSDT","q":"0.038","m":false,"T":"2023-09-10T16:58:19Z"}
{"p":"60.6","s":"LTCUSDT","q":"54.757","m":false,"T":"2023-09-10T16:58:19Z"}
{"p":"25767.2","s":"BTCUSDT","q":"0.025","m":false,"T":"2023-09-10T16:58:19Z"}
{"p":"25767.1","s":"BTCUSDT","q":"0.052","m":true,"T":"2023-09-10T16:58:19Z"}
{"p":"25767.2","s":"BTCUSDT","q":"0.006","m":false,"T":"2023-09-10T16:58:19Z"}
{"p":"25766.9","s":"BTCUSDT","q":"0.002","m":true,"T":"2023-09-10T16:58:19Z"}
{"p":"25767","s":"BTCUSDT","q":"0.017","m":true,"T":"2023-09-10T16:58:19Z"}
{"p":"25766.7","s":"BTCUSDT","q":"0.002","m":true,"T":"2023-09-10T16:58:19Z"}
{"p":"25766.8","s":"BTCUSDT","q":"0.003","m":true,"T":"2023-09-10T16:58:19Z"}
{"p":"18.002","s":"SOLUSDT","q":"26","m":true,"T":"2023-09-10T16:58:19Z"}
{"p":"25766.6","s":"BTCUSDT","q":"0.34","m":true,"T":"2023-09-10T16:58:19Z"}
{"p":"25766.3","s":"BTCUSDT","q":"0.013","m":true,"T":"2023-09-10T16:58:20Z"}
{"p":"1610.35","s":"ETHUSDT","q":"0.308","m":false,"T":"2023-09-10T16:58:20Z"}
{"p":"1610.34","s":"ETHUSDT","q":"0.138","m":true,"T":"2023-09-10T16:58:20Z"}
{"p":"25766.4","s":"BTCUSDT","q":"0.026","m":false,"T":"2023-09-10T16:58:20Z"}
{"p":"18.003","s":"SOLUSDT","q":"38","m":false,"T":"2023-09-10T16:58:20Z"}
{"p":"1610.34","s":"ETHUSDT","q":"6.036","m":false,"T":"2023-09-10T16:58:20Z"}
{"p":"25766.4","s":"BTCUSDT","q":"0.022","m":false,"T":"2023-09-10T16:58:20Z"}
{"p":"18.002","s":"SOLUSDT","q":"338","m":true,"T":"2023-09-10T16:58:20Z"}
{"p":"1610.33","s":"ETHUSDT","q":"5","m":true,"T":"2023-09-10T16:58:20Z"}
{"p":"18.003","s":"SOLUSDT","q":"138","m":false,"T":"2023-09-10T16:58:20Z"}
{"p":"1610.34","s":"ETHUSDT","q":"8.624","m":false,"T":"2023-09-10T16:58:20Z"}
{"p":"25766.3","s":"BTCUSDT","q":"0.22","m":true,"T":"2023-09-10T16:58:20Z"}
{"p":"1610.34","s":"ETHUSDT","q":"0.758","m":false,"T":"2023-09-10T16:58:20Z"}
{"p":"25766.4","s":"BTCUSDT","q":"0.97","m":false,"T":"2023-09-10T16:58:20Z"}
{"p":"1610.33","s":"ETHUSDT","q":"5.102","m":true,"T":"2023-09-10T16:58:20Z"}
{"p":"60.6","s":"LTCUSDT","q":"2.696","m":false,"T":"2023-09-10T16:58:20Z"}
{"p":"1610.35","s":"ETHUSDT","q":"1.477","m":false,"T":"2023-09-10T16:58:21Z"}
{"p":"1610.34","s":"ETHUSDT","q":"15.877","m":false,"T":"2023-09-10T16:58:21Z"}
{"p":"1610.36","s":"ETHUSDT","q":"0.01","m":false,"T":"2023-09-10T16:58:21Z"}
{"p":"1610.37","s":"ETHUSDT","q":"0.703","m":false,"T":"2023-09-10T16:58:21Z"}
{"p":"18.003","s":"SOLUSDT","q":"86","m":false,"T":"2023-09-10T16:58:21Z"}
{"p":"1610.38","s":"ETHUSDT","q":"0.01","m":false,"T":"2023-09-10T16:58:21Z"}
{"p":"1610.39","s":"ETHUSDT","q":"1.349","m":false,"T":"2023-09-10T16:58:21Z"}
{"p":"18.004","s":"SOLUSDT","q":"89","m":false,"T":"2023-09-10T16:58:21Z"}
{"p":"1610.41","s":"ETHUSDT","q":"0.014","m":false,"T":"2023-09-10T16:58:21Z"}
{"p":"1610.4","s":"ETHUSDT","q":"3.891","m":false,"T":"2023-09-10T16:58:21Z"}
{"p":"1610.42","s":"ETHUSDT","q":"0.01","m":false,"T":"2023-09-10T16:58:21Z"}
{"p":"18.005","s":"SOLUSDT","q":"157","m":false,"T":"2023-09-10T16:58:21Z"}
{"p":"1610.43","s":"ETHUSDT","q":"0.01","m":false,"T":"2023-09-10T16:58:21Z"}
{"p":"25766.3","s":"BTCUSDT","q":"0.01","m":true,"T":"2023-09-10T16:58:21Z"}
{"p":"1610.44","s":"ETHUSDT","q":"4.083","m":false,"T":"2023-09-10T16:58:21Z"}
{"p":"1610.43","s":"ETHUSDT","q":"0.772","m":true,"T":"2023-09-10T16:58:21Z"}
{"p":"1610.46","s":"ETHUSDT","q":"0.01","m":false,"T":"2023-09-10T16:58:21Z"}
{"p":"1610.45","s":"ETHUSDT","q":"0.014","m":false,"T":"2023-09-10T16:58:21Z"}
{"p":"1610.48","s":"ETHUSDT","q":"0.01","m":false,"T":"2023-09-10T16:58:21Z"}
{"p":"1610.47","s":"ETHUSDT","q":"0.05","m":false,"T":"2023-09-10T16:58:21Z"}
{"p":"1610.49","s":"ETHUSDT","q":"0.014","m":false,"T":"2023-09-10T16:58:21Z"}
{"p":"1610.5","s":"ETHUSDT","q":"0.296","m":false,"T":"2023-09-10T16:58:21Z"}
{"p":"18.008","s":"SOLUSDT","q":"222","m":false,"T":"2023-09-10T16:58:21Z"}
{"p":"18.006","s":"SOLUSDT","q":"208","m":false,"T":"2023-09-10T16:58:21Z"}
{"p":"18.009","s":"SOLUSDT","q":"865","m":false,"T":"2023-09-10T16:58:21Z"}
{"p":"1610.51","s":"ETHUSDT","q":"0.01","m":false,"T":"2023-09-10T16:58:21Z"}
{"p":"1610.52","s":"ETHUSDT","q":"0.009","m":false,"T":"2023-09-10T16:58:21Z"}
{"p":"18.01","s":"SOLUSDT","q":"925","m":false,"T":"2023-09-10T16:58:21Z"}
{"p":"60.59","s":"LTCUSDT","q":"1.846","m":true,"T":"2023-09-10T16:58:21Z"}
{"p":"1610.51","s":"ETHUSDT","q":"0.323","m":true,"T":"2023-09-10T16:58:21Z"}
{"p":"25766.4","s":"BTCUSDT","q":"0.08","m":false,"T":"2023-09-10T16:58:21Z"}
{"p":"60.6","s":"LTCUSDT","q":"14.038","m":false,"T":"2023-09-10T16:58:21Z"}
{"p":"1610.51","s":"ETHUSDT","q":"1.086","m":true,"T":"2023-09-10T16:58:21Z"}
{"p":"18.01","s":"SOLUSDT","q":"1","m":false,"T":"2023-09-10T16:58:21Z"}
{"p":"25766.3","s":"BTCUSDT","q":"0.002","m":true,"T":"2023-09-10T16:58:22Z"}
{"p":"1610.52","s":"ETHUSDT","q":"0.21","m":false,"T":"2023-09-10T16:58:22Z"}
{"p":"60.6","s":"LTCUSDT","q":"0.623","m":true,"T":"2023-09-10T16:58:22Z"}
{"p":"18.009","s":"SOLUSDT","q":"2","m":true,"T":"2023-09-10T16:58:22Z"}
{"p":"25766.3","s":"BTCUSDT","q":"0.19","m":true,"T":"2023-09-10T16:58:22Z"}
{"p":"1610.52","s":"ETHUSDT","q":"0.015","m":false,"T":"2023-09-10T16:58:22Z"}
{"p":"25766.3","s":"BTCUSDT","q":"0.048","m":true,"T":"2023-09-10T16:58:22Z"}
{"p":"18.009","s":"SOLUSDT","q":"3","m":true,"T":"2023-09-10T16:58:22Z"}
{"p":"25766.4","s":"BTCUSDT","q":"0.008","m":false,"T":"2023-09-10T16:58:22Z"}
{"p":"1610.52","s":"ETHUSDT","q":"8.696","m":false,"T":"2023-09-10T16:58:22Z"}
{"p":"1610.52","s":"ETHUSDT","q":"0.01","m":false,"T":"2023-09-10T16:58:22Z"}
{"p":"1610.54","s":"ETHUSDT","q":"0.01","m":false,"T":"2023-09-10T16:58:22Z"}
{"p":"1610.53","s":"ETHUSDT","q":"0.118","m":false,"T":"2023-09-10T16:58:22Z"}
{"p":"18.011","s":"SOLUSDT","q":"132","m":false,"T":"2023-09-10T16:58:22Z"}
{"p":"18.01","s":"SOLUSDT","q":"296","m":false,"T":"2023-09-10T16:58:22Z"}
{"p":"1610.56","s":"ETHUSDT","q":"0.01","m":false,"T":"2023-09-10T16:58:22Z"}
{"p":"1610.55","s":"ETHUSDT","q":"1.176","m":false,"T":"2023-09-10T16:58:22Z"}
{"p":"1610.58","s":"ETHUSDT","q":"0.01","m":false,"T":"2023-09-10T16:58:22Z"}
{"p":"1610.57","s":"ETHUSDT","q":"0.07","m":false,"T":"2023-09-10T16:58:22Z"}
{"p":"1610.59","s":"ETHUSDT","q":"0.01","m":false,"T":"2023-09-10T16:58:22Z"}
{"p":"1610.6","s":"ETHUSDT","q":"0.553","m":false,"T":"2023-09-10T16:58:22Z"}
{"p":"60.61","s":"LTCUSDT","q":"0.182","m":false,"T":"2023-09-10T16:58:22Z"}
{"p":"1610.61","s":"ETHUSDT","q":"0.016","m":false,"T":"2023-09-10T16:58:22Z"}
{"p":"18.012","s":"SOLUSDT","q":"147","m":false,"T":"2023-09-10T16:58:22Z"}
{"p":"1610.62","s":"ETHUSDT","q":"6.347","m":false,"T":"2023-09-10T16:58:23Z"}
{"p":"1610.61","s":"ETHUSDT","q":"0.009","m":false,"T":"2023-09-10T16:58:23Z"}
{"p":"1610.64","s":"ETHUSDT","q":"7.778","m":false,"T":"2023-09-10T16:58:23Z"}
{"p":"1610.63","s":"ETHUSDT","q":"0.014","m":false,"T":"2023-09-10T16:58:23Z"}
{"p":"1610.66","s":"ETHUSDT","q":"0.01","m":false,"T":"2023-09-10T16:58:23Z"}
{"p":"1610.65","s":"ETHUSDT","q":"0.004","m":false,"T":"2023-09-10T16:58:23Z"}
{"p":"1610.68","s":"ETHUSDT","q":"0.042","m":false,"T":"2023-09-10T16:58:23Z"}
{"p":"1610.67","s":"ETHUSDT","q":"0.01","m":false,"T":"2023-09-10T16:58:23Z"}
{"p":"1610.69","s":"ETHUSDT","q":"3.665","m":false,"T":"2023-09-10T16:58:23Z"}
{"p":"25766.4","s":"BTCUSDT","q":"2.964","m":false,"T":"2023-09-10T16:58:23Z"}
{"p":"25766.6","s":"BTCUSDT","q":"0.027","m":false,"T":"2023-09-10T16:58:23Z"}
{"p":"25766.5","s":"BTCUSDT","q":"0.249","m":false,"T":"2023-09-10T16:58:23Z"}
{"p":"25766.8","s":"BTCUSDT","q":"0.001","m":false,"T":"2023-09-10T16:58:23Z"}
{"p":"25766.7","s":"BTCUSDT","q":"0.043","m":false,"T":"2023-09-10T16:58:23Z"}
{"p":"25767","s":"BTCUSDT","q":"0.288","m":false,"T":"2023-09-10T16:58:23Z"}
{"p":"25766.9","s":"BTCUSDT","q":"0.001","m":false,"T":"2023-09-10T16:58:23Z"}
{"p":"1610.7","s":"ETHUSDT","q":"0.563","m":false,"T":"2023-09-10T16:58:23Z"}
{"p":"25767.1","s":"BTCUSDT","q":"0.277","m":false,"T":"2023-09-10T16:58:23Z"}
{"p":"1610.69","s":"ETHUSDT","q":"0.609","m":true,"T":"2023-09-10T16:58:23Z"}
{"p":"1610.7","s":"ETHUSDT","q":"0.185","m":false,"T":"2023-09-10T16:58:23Z"}
{"p":"1610.69","s":"ETHUSDT","q":"3","m":true,"T":"2023-09-10T16:58:23Z"}
{"p":"1610.7","s":"ETHUSDT","q":"0.031","m":false,"T":"2023-09-10T16:58:23Z"}
{"p":"18.012","s":"SOLUSDT","q":"62","m":false,"T":"2023-09-10T16:58:23Z"}
{"p":"25767.2","s":"BTCUSDT","q":"0.233","m":false,"T":"2023-09-10T16:58:23Z"}
{"p":"60.61","s":"LTCUSDT","q":"55.149","m":false,"T":"2023-09-10T16:58:23Z"}
{"p":"1610.69","s":"ETHUSDT","q":"0.477","m":true,"T":"2023-09-10T16:58:23Z"}
{"p":"18.012","s":"SOLUSDT","q":"8","m":true,"T":"2023-09-10T16:58:23Z"}
{"p":"25767.1","s":"BTCUSDT","q":"0.005","m":true,"T":"2023-09-10T16:58:23Z"}
{"p":"1610.7","s":"ETHUSDT","q":"0.582","m":false,"T":"2023-09-10T16:58:23Z"}
{"p":"25767.1","s":"BTCUSDT","q":"0.001","m":true,"T":"2023-09-10T16:58:23Z"}
{"p":"25767.2","s":"BTCUSDT","q":"0.141","m":false,"T":"2023-09-10T16:58:23Z"}
{"p":"1610.69","s":"ETHUSDT","q":"0.01","m":true,"T":"2023-09-10T16:58:23Z"}
{"p":"25767.2","s":"BTCUSDT","q":"0.011","m":false,"T":"2023-09-10T16:58:24Z"}
{"p":"1610.69","s":"ETHUSDT","q":"2.992","m":true,"T":"2023-09-10T16:58:24Z"}
{"p":"25767.1","s":"BTCUSDT","q":"0.389","m":true,"T":"2023-09-10T16:58:24Z"}
{"p":"60.62","s":"LTCUSDT","q":"0.232","m":false,"T":"2023-09-10T16:58:24Z"}
{"p":"25767.1","s":"BTCUSDT","q":"0.005","m":true,"T":"2023-09-10T16:58:24Z"}
{"p":"1610.69","s":"ETHUSDT","q":"0.004","m":true,"T":"2023-09-10T16:58:24Z"}
{"p":"1610.69","s":"ETHUSDT","q":"10","m":true,"T":"2023-09-10T16:58:24Z"}
{"p":"25767.2","s":"BTCUSDT","q":"0.052","m":false,"T":"2023-09-10T16:58:24Z"}
{"p":"18.013","s":"SOLUSDT","q":"12","m":false,"T":"2023-09-10T16:58:24Z"}
{"p":"25767.1","s":"BTCUSDT","q":"0.002","m":true,"T":"2023-09-10T16:58:24Z"}
{"p":"1610.7","s":"ETHUSDT","q":"8.62","m":false,"T":"2023-09-10T16:58:24Z"}
{"p":"18.014","s":"SOLUSDT","q":"19","m":false,"T":"2023-09-10T16:58:24Z"}
{"p":"25767.2","s":"BTCUSDT","q":"0.017","m":false,"T":"2023-09-10T16:58:24Z"}
{"p":"25767.1","s":"BTCUSDT","q":"0.005","m":true,"T":"2023-09-10T16:58:24Z"}
{"p":"25767.2","s":"BTCUSDT","q":"0.086","m":false,"T":"2023-09-10T16:58:24Z"}
{"p":"1610.69","s":"ETHUSDT","q":"0.538","m":true,"T":"2023-09-10T16:58:24Z"}
{"p":"25767.3","s":"BTCUSDT","q":"0.104","m":false,"T":"2023-09-10T16:58:24Z"}
{"p":"25767.3","s":"BTCUSDT","q":"0.001","m":false,"T":"2023-09-10T16:58:24Z"}
{"p":"25767.2","s":"BTCUSDT","q":"0.4","m":true,"T":"2023-09-10T16:58:24Z"}
{"p":"1610.7","s":"ETHUSDT","q":"3.346","m":false,"T":"2023-09-10T16:58:24Z"}
{"p":"25767.3","s":"BTCUSDT","q":"0.023","m":false,"T":"2023-09-10T16:58:24Z"}
{"p":"25767.3","s":"BTCUSDT","q":"0.014","m":false,"T":"2023-09-10T16:58:25Z"}
{"p":"1610.69","s":"ETHUSDT","q":"2.012","m":true,"T":"2023-09-10T16:58:25Z"}
{"p":"18.013","s":"SOLUSDT","q":"200","m":true,"T":"2023-09-10T16:58:25Z"}
{"p":"25767.4","s":"BTCUSDT","q":"0.066","m":false,"T":"2023-09-10T16:58:25Z"}
{"p":"25767.4","s":"BTCUSDT","q":"0.067","m":false,"T":"2023-09-10T16:58:25Z"}
{"p":"25767.3","s":"BTCUSDT","q":"0.004","m":true,"T":"2023-09-10T16:58:25Z"}
{"p":"25767.6","s":"BTCUSDT","q":"0.003","m":false,"T":"2023-09-10T16:58:25Z"}
{"p":"25767.5","s":"BTCUSDT","q":"0.195","m":false,"T":"2023-09-10T16:58:25Z"}
{"p":"25767.8","s":"BTCUSDT","q":"0.079","m":false,"T":"2023-09-10T16:58:25Z"}
{"p":"25767.7","s":"BTCUSDT","q":"0.021","m":false,"T":"2023-09-10T16:58:25Z"}
{"p":"1610.71","s":"ETHUSDT","q":"0.013","m":false,"T":"2023-09-10T16:58:25Z"}
{"p":"1610.7","s":"ETHUSDT","q":"3.963","m":false,"T":"2023-09-10T16:58:25Z"}
{"p":"1610.73","s":"ETHUSDT","q":"0.01","m":false,"T":"2023-09-10T16:58:25Z"}
{"p":"1610.72","s":"ETHUSDT","q":"3.891","m":false,"T":"2023-09-10T16:58:25Z"}
{"p":"1610.75","s":"ETHUSDT","q":"0.064","m":false,"T":"2023-09-10T16:58:25Z"}
{"p":"1610.74","s":"ETHUSDT","q":"0.01","m":false,"T":"2023-09-10T16:58:25Z"}
{"p":"1610.77","s":"ETHUSDT","q":"0.554","m":false,"T":"2023-09-10T16:58:25Z"}
{"p":"1610.76","s":"ETHUSDT","q":"0.048","m":false,"T":"2023-09-10T16:58:25Z"}
{"p":"1610.79","s":"ETHUSDT","q":"0.014","m":false,"T":"2023-09-10T16:58:25Z"}
{"p":"1610.78","s":"ETHUSDT","q":"1.283","m":false,"T":"2023-09-10T16:58:25Z"}
{"p":"1610.81","s":"ETHUSDT","q":"5.26","m":false,"T":"2023-09-10T16:58:25Z"}
{"p":"1610.8","s":"ETHUSDT","q":"3.895","m":false,"T":"2023-09-10T16:58:25Z"}
{"p":"18.014","s":"SOLUSDT","q":"74","m":false,"T":"2023-09-10T16:58:25Z"}
{"p":"1610.82","s":"ETHUSDT","q":"0.176","m":false,"T":"2023-09-10T16:58:25Z"}
{"p":"25767.9","s":"BTCUSDT","q":"0.054","m":false,"T":"2023-09-10T16:58:25Z"}
{"p":"1610.81","s":"ETHUSDT","q":"0.1","m":true,"T":"2023-09-10T16:58:25Z"}
{"p":"60.62","s":"LTCUSDT","q":"4.556","m":false,"T":"2023-09-10T16:58:25Z"}
{"p":"25767.8","s":"BTCUSDT","q":"0.194","m":true,"T":"2023-09-10T16:58:25Z"}
{"p":"1610.81","s":"ETHUSDT","q":"0.31","m":true,"T":"2023-09-10T16:58:25Z"}
{"p":"18.014","s":"SOLUSDT","q":"296","m":false,"T":"2023-09-10T16:58:25Z"}
{"p":"25767.9","s":"BTCUSDT","q":"0.01","m":false,"T":"2023-09-10T16:58:26Z"}
{"p":"25768","s":"BTCUSDT","q":"0.087","m":false,"T":"2023-09-10T16:58:26Z"}
{"p":"18.013","s":"SOLUSDT","q":"38","m":true,"T":"2023-09-10T16:58:26Z"}
{"p":"25768","s":"BTCUSDT","q":"0.013","m":true,"T":"2023-09-10T16:58:26Z"}
{"p":"1610.81","s":"ETHUSDT","q":"0.1","m":true,"T":"2023-09-10T16:58:26Z"}
{"p":"18.014","s":"SOLUSDT","q":"4","m":false,"T":"2023-09-10T16:58:26Z"}
{"p":"25768","s":"BTCUSDT","q":"0.001","m":true,"T":"2023-09-10T16:58:26Z"}
{"p":"18.013","s":"SOLUSDT","q":"207","m":true,"T":"2023-09-10T16:58:26Z"}
{"p":"1610.81","s":"ETHUSDT","q":"0.065","m":true,"T":"2023-09-10T16:58:26Z"}
{"p":"18.012","s":"SOLUSDT","q":"97","m":true,"T":"2023-09-10T16:58:26Z"}
{"p":"1610.81","s":"ETHUSDT","q":"5","m":true,"T":"2023-09-10T16:58:26Z"}
{"p":"18.013","s":"SOLUSDT","q":"491","m":false,"T":"2023-09-10T16:58:26Z"}
{"p":"60.62","s":"LTCUSDT","q":"2","m":false,"T":"2023-09-10T16:58:26Z"}
{"p":"1610.81","s":"ETHUSDT","q":"13.947","m":true,"T":"2023-09-10T16:58:26Z"}
{"p":"1610.82","s":"ETHUSDT","q":"0.614","m":false,"T":"2023-09-10T16:58:26Z"}
{"p":"1610.8","s":"ETHUSDT","q":"2.801","m":true,"T":"2023-09-10T16:58:26Z"}
{"p":"1610.78","s":"ETHUSDT","q":"0.02","m":true,"T":"2023-09-10T16:58:26Z"}
{"p":"1610.79","s":"ETHUSDT","q":"0.02","m":true,"T":"2023-09-10T16:58:26Z"}
{"p":"1610.77","s":"ETHUSDT","q":"0.02","m":true,"T":"2023-09-10T16:58:26Z"}
{"p":"1610.75","s":"ETHUSDT","q":"0.02","m":true,"T":"2023-09-10T16:58:26Z"}
{"p":"1610.76","s":"ETHUSDT","q":"0.44","m":true,"T":"2023-09-10T16:58:26Z"}
{"p":"1610.73","s":"ETHUSDT","q":"0.02","m":true,"T":"2023-09-10T16:58:26Z"}
{"p":"1610.74","s":"ETHUSDT","q":"0.02","m":true,"T":"2023-09-10T16:58:26Z"}
{"p":"1610.72","s":"ETHUSDT","q":"0.01","m":true,"T":"2023-09-10T16:58:26Z"}
{"p":"25768","s":"BTCUSDT","q":"0.001","m":true,"T":"2023-09-10T16:58:26Z"}
{"p":"18.012","s":"SOLUSDT","q":"19","m":true,"T":"2023-09-10T16:58:27Z"}
{"p":"1610.71","s":"ETHUSDT","q":"2","m":false,"T":"2023-09-10T16:58:27Z"}
{"p":"25768","s":"BTCUSDT","q":"0.002","m":true,"T":"2023-09-10T16:58:27Z"}
{"p":"18.01","s":"SOLUSDT","q":"40","m":true,"T":"2023-09-10T16:58:27Z"}
{"p":"25768.1","s":"BTCUSDT","q":"0.015","m":false,"T":"2023-09-10T16:58:27Z"}
{"p":"18.01","s":"SOLUSDT","q":"19","m":true,"T":"2023-09-10T16:58:27Z"}
{"p":"60.61","s":"LTCUSDT","q":"113.623","m":true,"T":"2023-09-10T16:58:27Z"}
{"p":"25768","s":"BTCUSDT","q":"0.009","m":true,"T":"2023-09-10T16:58:27Z"}
{"p":"25768.1","s":"BTCUSDT","q":"0.086","m":false,"T":"2023-09-10T16:58:27Z"}
{"p":"25768","s":"BTCUSDT","q":"0.021","m":true,"T":"2023-09-10T16:58:27Z"}
{"p":"60.61","s":"LTCUSDT","q":"0.099","m":true,"T":"2023-09-10T16:58:27Z"}
{"p":"25768.1","s":"BTCUSDT","q":"0.003","m":false,"T":"2023-09-10T16:58:27Z"}
{"p":"1610.71","s":"ETHUSDT","q":"0.835","m":false,"T":"2023-09-10T16:58:27Z"}
{"p":"25768","s":"BTCUSDT","q":"0.3","m":true,"T":"2023-09-10T16:58:27Z"}
{"p":"1610.7","s":"ETHUSDT","q":"0.024","m":true,"T":"2023-09-10T16:58:27Z"}
{"p":"1610.71","s":"ETHUSDT","q":"1.46","m":false,"T":"2023-09-10T16:58:27Z"}
{"p":"60.61","s":"LTCUSDT","q":"38.463","m":true,"T":"2023-09-10T16:58:27Z"}
{"p":"25768.1","s":"BTCUSDT","q":"0.002","m":false,"T":"2023-09-10T16:58:27Z"}
{"p":"1610.69","s":"ETHUSDT","q":"0.013","m":true,"T":"2023-09-10T16:58:27Z"}
{"p":"25768.1","s":"BTCUSDT","q":"0.238","m":false,"T":"2023-09-10T16:58:28Z"}
{"p":"25768","s":"BTCUSDT","q":"0.079","m":true,"T":"2023-09-10T16:58:28Z"}
{"p":"60.6","s":"LTCUSDT","q":"0.987","m":true,"T":"2023-09-10T16:58:28Z"}
{"p":"18.01","s":"SOLUSDT","q":"4","m":true,"T":"2023-09-10T16:58:28Z"}
{"p":"1610.69","s":"ETHUSDT","q":"0.029","m":true,"T":"2023-09-10T16:58:28Z"}
{"p":"1610.7","s":"ETHUSDT","q":"0.5","m":false,"T":"2023-09-10T16:58:28Z"}
{"p":"1610.67","s":"ETHUSDT","q":"0.02","m":true,"T":"2023-09-10T16:58:28Z"}
{"p":"1610.68","s":"ETHUSDT","q":"0.014","m":true,"T":"2023-09-10T16:58:28Z"}
{"p":"1610.65","s":"ETHUSDT","q":"0.02","m":true,"T":"2023-09-10T16:58:28Z"}
{"p":"1610.66","s":"ETHUSDT","q":"0.02","m":true,"T":"2023-09-10T16:58:28Z"}
{"p":"1610.64","s":"ETHUSDT","q":"0.036","m":true,"T":"2023-09-10T16:58:28Z"}
{"p":"25768.1","s":"BTCUSDT","q":"1.001","m":false,"T":"2023-09-10T16:58:28Z"}
{"p":"18.011","s":"SOLUSDT","q":"97","m":false,"T":"2023-09-10T16:58:28Z"}
{"p":"1610.63","s":"ETHUSDT","q":"0.214","m":true,"T":"2023-09-10T16:58:28Z"}
{"p":"1610.62","s":"ETHUSDT","q":"0.046","m":true,"T":"2023-09-10T16:58:28Z"}
{"p":"1610.61","s":"ETHUSDT","q":"0.034","m":true,"T":"2023-09-10T16:58:28Z"}
{"p":"18.01","s":"SOLUSDT","q":"138","m":true,"T":"2023-09-10T16:58:28Z"}
{"p":"25768.1","s":"BTCUSDT","q":"0.05","m":false,"T":"2023-09-10T16:58:28Z"}
{"p":"1610.61","s":"ETHUSDT","q":"36.427","m":false,"T":"2023-09-10T16:58:28Z"}
{"p":"18.011","s":"SOLUSDT","q":"27","m":false,"T":"2023-09-10T16:58:28Z"}
{"p":"25768.1","s":"BTCUSDT","q":"0.099","m":false,"T":"2023-09-10T16:58:28Z"}
{"p":"1610.6","s":"ETHUSDT","q":"13.748","m":true,"T":"2023-09-10T16:58:28Z"}
{"p":"18.011","s":"SOLUSDT","q":"111","m":false,"T":"2023-09-10T16:58:28Z"}
{"p":"18.012","s":"SOLUSDT","q":"3","m":false,"T":"2023-09-10T16:58:29Z"}
{"p":"1610.61","s":"ETHUSDT","q":"1.181","m":false,"T":"2023-09-10T16:58:28Z"}
{"p":"18.014","s":"SOLUSDT","q":"119","m":false,"T":"2023-09-10T16:58:29Z"}
{"p":"25768.1","s":"BTCUSDT","q":"0.373","m":false,"T":"2023-09-10T16:58:29Z"}
{"p":"1610.62","s":"ETHUSDT","q":"0.004","m":false,"T":"2023-09-10T16:58:29Z"}
{"p":"1610.61","s":"ETHUSDT","q":"5.669","m":false,"T":"2023-09-10T16:58:29Z"}
{"p":"1610.63","s":"ETHUSDT","q":"0.01","m":false,"T":"2023-09-10T16:58:29Z"}
{"p":"25768.1","s":"BTCUSDT","q":"0.788","m":false,"T":"2023-09-10T16:58:29Z"}
{"p":"25768.2","s":"BTCUSDT","q":"0.265","m":false,"T":"2023-09-10T16:58:29Z"}
{"p":"25768.4","s":"BTCUSDT","q":"0.001","m":false,"T":"2023-09-10T16:58:29Z"}
{"p":"25768.3","s":"BTCUSDT","q":"0.004","m":false,"T":"2023-09-10T16:58:29Z"}
{"p":"25768.6","s":"BTCUSDT","q":"0.003","m":false,"T":"2023-09-10T16:58:29Z"}
{"p":"25768.5","s":"BTCUSDT","q":"0.053","m":false,"T":"2023-09-10T16:58:29Z"}
{"p":"25768.8","s":"BTCUSDT","q":"0.217","m":false,"T":"2023-09-10T16:58:29Z"}
{"p":"25768.7","s":"BTCUSDT","q":"0.098","m":false,"T":"2023-09-10T16:58:29Z"}
{"p":"25769","s":"BTCUSDT","q":"0.078","m":false,"T":"2023-09-10T16:58:29Z"}
{"p":"25768.9","s":"BTCUSDT","q":"0.005","m":false,"T":"2023-09-10T16:58:29Z"}
{"p":"25769.2","s":"BTCUSDT","q":"0.045","m":false,"T":"2023-09-10T16:58:29Z"}
{"p":"25769.1","s":"BTCUSDT","q":"0.002","m":false,"T":"2023-09-10T16:58:29Z"}
{"p":"25769.4","s":"BTCUSDT","q":"0.394","m":false,"T":"2023-09-10T16:58:29Z"}
{"p":"25769.3","s":"BTCUSDT","q":"0.082","m":false,"T":"2023-09-10T16:58:29Z"}
{"p":"25769.6","s":"BTCUSDT","q":"0.002","m":false,"T":"2023-09-10T16:58:29Z"}
{"p":"25769.5","s":"BTCUSDT","q":"0.028","m":false,"T":"2023-09-10T16:58:29Z"}
{"p":"25769.8","s":"BTCUSDT","q":"0.002","m":false,"T":"2023-09-10T16:58:29Z"}
{"p":"25769.7","s":"BTCUSDT","q":"0.001","m":false,"T":"2023-09-10T16:58:29Z"}
{"p":"1610.65","s":"ETHUSDT","q":"0.01","m":false,"T":"2023-09-10T16:58:29Z"}
{"p":"1610.64","s":"ETHUSDT","q":"0.01","m":false,"T":"2023-09-10T16:58:29Z"}
{"p":"1610.66","s":"ETHUSDT","q":"0.01","m":false,"T":"2023-09-10T16:58:29Z"}
{"p":"1610.68","s":"ETHUSDT","q":"0.01","m":false,"T":"2023-09-10T16:58:29Z"}
{"p":"1610.67","s":"ETHUSDT","q":"0.434","m":false,"T":"2023-09-10T16:58:29Z"}
{"p":"1610.69","s":"ETHUSDT","q":"0.01","m":false,"T":"2023-09-10T16:58:29Z"}
{"p":"25769.9","s":"BTCUSDT","q":"0.428","m":false,"T":"2023-09-10T16:58:29Z"}
{"p":"1610.7","s":"ETHUSDT","q":"0.004","m":false,"T":"2023-09-10T16:58:29Z"}
{"p":"25769.9","s":"BTCUSDT","q":"0.005","m":false,"T":"2023-09-10T16:58:29Z"}
{"p":"60.61","s":"LTCUSDT","q":"15.974","m":false,"T":"2023-09-10T16:58:29Z"}
{"p":"1610.7","s":"ETHUSDT","q":"0.348","m":false,"T":"2023-09-10T16:58:29Z"}
{"p":"25769.9","s":"BTCUSDT","q":"1.815","m":false,"T":"2023-09-10T16:58:29Z"}
{"p":"18.013","s":"SOLUSDT","q":"1","m":true,"T":"2023-09-10T16:58:29Z"}
{"p":"18.014","s":"SOLUSDT","q":"1","m":false,"T":"2023-09-10T16:58:29Z"}
{"p":"1610.7","s":"ETHUSDT","q":"0.124","m":false,"T":"2023-09-10T16:58:30Z"}
{"p":"25769.8","s":"BTCUSDT","q":"0.078","m":true,"T":"2023-09-10T16:58:30Z"}
{"p":"18.013","s":"SOLUSDT","q":"18","m":true,"T":"2023-09-10T16:58:30Z"}
{"p":"18.015","s":"SOLUSDT","q":"153","m":false,"T":"2023-09-10T16:58:30Z"}
{"p":"18.014","s":"SOLUSDT","q":"224","m":false,"T":"2023-09-10T16:58:30Z"}
{"p":"18.016","s":"SOLUSDT","q":"167","m":false,"T":"2023-09-10T16:58:30Z"}
{"p":"25769.9","s":"BTCUSDT","q":"0.002","m":false,"T":"2023-09-10T16:58:30Z"}
{"p":"18.017","s":"SOLUSDT","q":"143","m":false,"T":"2023-09-10T16:58:30Z"}
{"p":"25769.9","s":"BTCUSDT","q":"0.005","m":false,"T":"2023-09-10T16:58:30Z"}
{"p":"60.61","s":"LTCUSDT","q":"0.098","m":false,"T":"2023-09-10T16:58:30Z"}
{"p":"25769.9","s":"BTCUSDT","q":"0.098","m":false,"T":"2023-09-10T16:58:30Z"}
