{"p":"18.122","s":"SOLUSDT","q":"4","m":false,"T":"2023-09-10T16:20:42Z"}
{"p":"25772.8","s":"BTCUSDT","q":"0.001","m":false,"T":"2023-09-10T16:20:43Z"}
{"p":"1617.44","s":"ETHUSDT","q":"0.429","m":false,"T":"2023-09-10T16:20:43Z"}
{"p":"60.75","s":"LTCUSDT","q":"17.699","m":true,"T":"2023-09-10T16:20:43Z"}
{"p":"25772.8","s":"BTCUSDT","q":"0.051","m":false,"T":"2023-09-10T16:20:43Z"}
{"p":"60.75","s":"LTCUSDT","q":"22.996","m":true,"T":"2023-09-10T16:20:43Z"}
{"p":"25772.8","s":"BTCUSDT","q":"0.4","m":false,"T":"2023-09-10T16:20:44Z"}
{"p":"1617.43","s":"ETHUSDT","q":"7.581","m":true,"T":"2023-09-10T16:20:44Z"}
{"p":"18.122","s":"SOLUSDT","q":"47","m":false,"T":"2023-09-10T16:20:44Z"}
{"p":"1617.43","s":"ETHUSDT","q":"0.059","m":true,"T":"2023-09-10T16:20:45Z"}
{"p":"1617.43","s":"ETHUSDT","q":"0.004","m":true,"T":"2023-09-10T16:20:45Z"}
{"p":"25772.8","s":"BTCUSDT","q":"0.16","m":false,"T":"2023-09-10T16:20:45Z"}
{"p":"1617.44","s":"ETHUSDT","q":"0.061","m":false,"T":"2023-09-10T16:20:45Z"}
{"p":"18.122","s":"SOLUSDT","q":"171","m":false,"T":"2023-09-10T16:20:45Z"}
{"p":"60.75","s":"LTCUSDT","q":"1.578","m":true,"T":"2023-09-10T16:20:45Z"}
{"p":"25772.8","s":"BTCUSDT","q":"0.301","m":false,"T":"2023-09-10T16:20:46Z"}
{"p":"1617.44","s":"ETHUSDT","q":"0.469","m":false,"T":"2023-09-10T16:20:46Z"}
{"p":"18.122","s":"SOLUSDT","q":"9","m":false,"T":"2023-09-10T16:20:46Z"}
{"p":"18.123","s":"SOLUSDT","q":"14","m":false,"T":"2023-09-10T16:20:46Z"}
{"p":"1617.44","s":"ETHUSDT","q":"0.005","m":false,"T":"2023-09-10T16:20:46Z"}
{"p":"18.122","s":"SOLUSDT","q":"1","m":true,"T":"2023-09-10T16:20:46Z"}
{"p":"18.123","s":"SOLUSDT","q":"2","m":false,"T":"2023-09-10T16:20:46Z"}
{"p":"18.125","s":"SOLUSDT","q":"175","m":false,"T":"2023-09-10T16:20:46Z"}
{"p":"18.124","s":"SOLUSDT","q":"151","m":false,"T":"2023-09-10T16:20:46Z"}
{"p":"18.126","s":"SOLUSDT","q":"174","m":false,"T":"2023-09-10T16:20:46Z"}
{"p":"18.127","s":"SOLUSDT","q":"481","m":false,"T":"2023-09-10T16:20:46Z"}
{"p":"1617.43","s":"ETHUSDT","q":"2.974","m":true,"T":"2023-09-10T16:20:46Z"}
{"p":"18.127","s":"SOLUSDT","q":"34","m":true,"T":"2023-09-10T16:20:46Z"}
{"p":"18.126","s":"SOLUSDT","q":"84","m":true,"T":"2023-09-10T16:20:47Z"}
{"p":"1617.43","s":"ETHUSDT","q":"0.004","m":true,"T":"2023-09-10T16:20:47Z"}
{"p":"1617.43","s":"ETHUSDT","q":"0.004","m":true,"T":"2023-09-10T16:20:47Z"}
{"p":"18.126","s":"SOLUSDT","q":"1","m":true,"T":"2023-09-10T16:20:47Z"}
{"p":"25772.8","s":"BTCUSDT","q":"0.031","m":false,"T":"2023-09-10T16:20:47Z"}
{"p":"1617.43","s":"ETHUSDT","q":"0.004","m":true,"T":"2023-09-10T16:20:48Z"}
{"p":"25772.8","s":"BTCUSDT","q":"0.003","m":false,"T":"2023-09-10T16:20:48Z"}
{"p":"60.75","s":"LTCUSDT","q":"36.066","m":true,"T":"2023-09-10T16:20:48Z"}
{"p":"25772.7","s":"BTCUSDT","q":"0.041","m":true,"T":"2023-09-10T16:20:48Z"}
{"p":"25773","s":"BTCUSDT","q":"0.025","m":false,"T":"2023-09-10T16:20:49Z"}
{"p":"25772.9","s":"BTCUSDT","q":"0.123","m":false,"T":"2023-09-10T16:20:49Z"}
{"p":"25772.8","s":"BTCUSDT","q":"1.614","m":false,"T":"2023-09-10T16:20:49Z"}
{"p":"25773.2","s":"BTCUSDT","q":"0.007","m":false,"T":"2023-09-10T16:20:49Z"}
{"p":"25773.1","s":"BTCUSDT","q":"0.127","m":false,"T":"2023-09-10T16:20:49Z"}
{"p":"25773.3","s":"BTCUSDT","q":"0.001","m":false,"T":"2023-09-10T16:20:49Z"}
{"p":"25773.4","s":"BTCUSDT","q":"0.123","m":false,"T":"2023-09-10T16:20:49Z"}
{"p":"25773.5","s":"BTCUSDT","q":"0.006","m":false,"T":"2023-09-10T16:20:49Z"}
{"p":"25773.6","s":"BTCUSDT","q":"0.017","m":false,"T":"2023-09-10T16:20:49Z"}
{"p":"25773.8","s":"BTCUSDT","q":"0.133","m":false,"T":"2023-09-10T16:20:49Z"}
{"p":"25773.7","s":"BTCUSDT","q":"0.006","m":false,"T":"2023-09-10T16:20:49Z"}
{"p":"1617.44","s":"ETHUSDT","q":"2.394","m":false,"T":"2023-09-10T16:20:49Z"}
{"p":"25773.9","s":"BTCUSDT","q":"0.009","m":false,"T":"2023-09-10T16:20:49Z"}
{"p":"60.75","s":"LTCUSDT","q":"0.085","m":true,"T":"2023-09-10T16:20:49Z"}
{"p":"1617.44","s":"ETHUSDT","q":"0.022","m":false,"T":"2023-09-10T16:20:49Z"}
{"p":"25773.9","s":"BTCUSDT","q":"0.031","m":true,"T":"2023-09-10T16:20:49Z"}
{"p":"18.128","s":"SOLUSDT","q":"392","m":false,"T":"2023-09-10T16:20:49Z"}
{"p":"18.127","s":"SOLUSDT","q":"446","m":false,"T":"2023-09-10T16:20:49Z"}
{"p":"18.126","s":"SOLUSDT","q":"5","m":true,"T":"2023-09-10T16:20:49Z"}
{"p":"18.129","s":"SOLUSDT","q":"151","m":false,"T":"2023-09-10T16:20:49Z"}
{"p":"18.13","s":"SOLUSDT","q":"203","m":false,"T":"2023-09-10T16:20:49Z"}
{"p":"18.129","s":"SOLUSDT","q":"33","m":true,"T":"2023-09-10T16:20:49Z"}
{"p":"25773.9","s":"BTCUSDT","q":"0.141","m":true,"T":"2023-09-10T16:20:49Z"}
{"p":"18.128","s":"SOLUSDT","q":"2","m":true,"T":"2023-09-10T16:20:49Z"}
{"p":"25773.9","s":"BTCUSDT","q":"0.009","m":true,"T":"2023-09-10T16:20:50Z"}
{"p":"25773.9","s":"BTCUSDT","q":"0.002","m":true,"T":"2023-09-10T16:20:50Z"}
{"p":"18.127","s":"SOLUSDT","q":"16","m":false,"T":"2023-09-10T16:20:50Z"}
{"p":"25773.9","s":"BTCUSDT","q":"0.004","m":true,"T":"2023-09-10T16:20:50Z"}
{"p":"25774","s":"BTCUSDT","q":"0.06","m":false,"T":"2023-09-10T16:20:50Z"}
{"p":"18.128","s":"SOLUSDT","q":"1","m":false,"T":"2023-09-10T16:20:51Z"}
{"p":"25773.9","s":"BTCUSDT","q":"0.049","m":true,"T":"2023-09-10T16:20:51Z"}
{"p":"1617.43","s":"ETHUSDT","q":"0.061","m":true,"T":"2023-09-10T16:20:51Z"}
{"p":"25774","s":"BTCUSDT","q":"0.005","m":false,"T":"2023-09-10T16:20:52Z"}
{"p":"25773.9","s":"BTCUSDT","q":"0.154","m":true,"T":"2023-09-10T16:20:52Z"}
{"p":"25774","s":"BTCUSDT","q":"0.171","m":false,"T":"2023-09-10T16:20:52Z"}
{"p":"1617.44","s":"ETHUSDT","q":"0.007","m":false,"T":"2023-09-10T16:20:52Z"}
{"p":"25774","s":"BTCUSDT","q":"0.001","m":false,"T":"2023-09-10T16:20:52Z"}
{"p":"18.127","s":"SOLUSDT","q":"47","m":true,"T":"2023-09-10T16:20:52Z"}
{"p":"25773.9","s":"BTCUSDT","q":"0.006","m":true,"T":"2023-09-10T16:20:52Z"}
{"p":"25774","s":"BTCUSDT","q":"2.693","m":false,"T":"2023-09-10T16:20:53Z"}
{"p":"1617.43","s":"ETHUSDT","q":"0.084","m":true,"T":"2023-09-10T16:20:53Z"}
{"p":"25774","s":"BTCUSDT","q":"0.1","m":false,"T":"2023-09-10T16:20:53Z"}
{"p":"60.75","s":"LTCUSDT","q":"1","m":true,"T":"2023-09-10T16:20:53Z"}
{"p":"25773.9","s":"BTCUSDT","q":"0.001","m":true,"T":"2023-09-10T16:20:53Z"}
{"p":"1617.44","s":"ETHUSDT","q":"0.1","m":false,"T":"2023-09-10T16:20:53Z"}
{"p":"1617.43","s":"ETHUSDT","q":"0.005","m":true,"T":"2023-09-10T16:20:54Z"}
{"p":"18.127","s":"SOLUSDT","q":"3","m":true,"T":"2023-09-10T16:20:54Z"}
{"p":"60.75","s":"LTCUSDT","q":"1.879","m":true,"T":"2023-09-10T16:20:54Z"}
{"p":"60.76","s":"LTCUSDT","q":"39.902","m":false,"T":"2023-09-10T16:20:54Z"}
{"p":"1617.43","s":"ETHUSDT","q":"0.012","m":true,"T":"2023-09-10T16:20:54Z"}
{"p":"25773.9","s":"BTCUSDT","q":"0.004","m":true,"T":"2023-09-10T16:20:54Z"}
{"p":"18.128","s":"SOLUSDT","q":"1","m":false,"T":"2023-09-10T16:20:54Z"}
{"p":"1617.43","s":"ETHUSDT","q":"6.183","m":true,"T":"2023-09-10T16:20:54Z"}
{"p":"18.127","s":"SOLUSDT","q":"78","m":true,"T":"2023-09-10T16:20:54Z"}
{"p":"25773.9","s":"BTCUSDT","q":"0.005","m":true,"T":"2023-09-10T16:20:55Z"}
{"p":"25773.9","s":"BTCUSDT","q":"0.002","m":true,"T":"2023-09-10T16:20:55Z"}
{"p":"25773.9","s":"BTCUSDT","q":"0.008","m":true,"T":"2023-09-10T16:20:55Z"}
{"p":"1617.43","s":"ETHUSDT","q":"0.1","m":true,"T":"2023-09-10T16:20:55Z"}
{"p":"25773.9","s":"BTCUSDT","q":"0.001","m":true,"T":"2023-09-10T16:20:56Z"}
{"p":"1617.43","s":"ETHUSDT","q":"0.247","m":true,"T":"2023-09-10T16:20:56Z"}
{"p":"1617.43","s":"ETHUSDT","q":"0.011","m":true,"T":"2023-09-10T16:20:56Z"}
{"p":"60.75","s":"LTCUSDT","q":"0.524","m":true,"T":"2023-09-10T16:20:56Z"}
{"p":"1617.44","s":"ETHUSDT","q":"0.11","m":false,"T":"2023-09-10T16:20:56Z"}
{"p":"18.13","s":"SOLUSDT","q":"193","m":false,"T":"2023-09-10T16:20:57Z"}
{"p":"18.129","s":"SOLUSDT","q":"225","m":false,"T":"2023-09-10T16:20:57Z"}
{"p":"18.128","s":"SOLUSDT","q":"124","m":false,"T":"2023-09-10T16:20:57Z"}
{"p":"18.131","s":"SOLUSDT","q":"41","m":false,"T":"2023-09-10T16:20:57Z"}
{"p":"1617.44","s":"ETHUSDT","q":"18.555","m":false,"T":"2023-09-10T16:20:57Z"}
{"p":"1617.44","s":"ETHUSDT","q":"0.764","m":false,"T":"2023-09-10T16:20:57Z"}
{"p":"60.75","s":"LTCUSDT","q":"32.192","m":true,"T":"2023-09-10T16:20:57Z"}
{"p":"60.76","s":"LTCUSDT","q":"0.143","m":false,"T":"2023-09-10T16:20:57Z"}
{"p":"1617.44","s":"ETHUSDT","q":"0.144","m":false,"T":"2023-09-10T16:20:57Z"}
{"p":"25774","s":"BTCUSDT","q":"0.314","m":false,"T":"2023-09-10T16:20:58Z"}
{"p":"25773.9","s":"BTCUSDT","q":"0.003","m":true,"T":"2023-09-10T16:20:57Z"}
{"p":"25774.1","s":"BTCUSDT","q":"0.179","m":false,"T":"2023-09-10T16:20:58Z"}
{"p":"1617.43","s":"ETHUSDT","q":"0.334","m":true,"T":"2023-09-10T16:20:58Z"}
{"p":"25774.1","s":"BTCUSDT","q":"0.159","m":false,"T":"2023-09-10T16:20:59Z"}
{"p":"25774","s":"BTCUSDT","q":"0.104","m":true,"T":"2023-09-10T16:20:59Z"}
{"p":"60.76","s":"LTCUSDT","q":"0.164","m":false,"T":"2023-09-10T16:20:59Z"}
{"p":"25774.1","s":"BTCUSDT","q":"0.001","m":false,"T":"2023-09-10T16:20:59Z"}
{"p":"25774.1","s":"BTCUSDT","q":"0.004","m":false,"T":"2023-09-10T16:20:59Z"}
{"p":"18.132","s":"SOLUSDT","q":"235","m":false,"T":"2023-09-10T16:20:59Z"}
{"p":"1617.44","s":"ETHUSDT","q":"0.026","m":false,"T":"2023-09-10T16:20:59Z"}
{"p":"18.132","s":"SOLUSDT","q":"83","m":true,"T":"2023-09-10T16:20:59Z"}
{"p":"1617.44","s":"ETHUSDT","q":"0.152","m":false,"T":"2023-09-10T16:20:59Z"}
{"p":"18.132","s":"SOLUSDT","q":"2","m":true,"T":"2023-09-10T16:21:00Z"}
{"p":"18.131","s":"SOLUSDT","q":"187","m":true,"T":"2023-09-10T16:21:00Z"}
{"p":"18.13","s":"SOLUSDT","q":"18","m":true,"T":"2023-09-10T16:21:00Z"}
{"p":"18.129","s":"SOLUSDT","q":"1","m":true,"T":"2023-09-10T16:21:00Z"}
{"p":"18.128","s":"SOLUSDT","q":"94","m":true,"T":"2023-09-10T16:21:00Z"}
{"p":"60.76","s":"LTCUSDT","q":"5","m":false,"T":"2023-09-10T16:21:00Z"}
{"p":"60.75","s":"LTCUSDT","q":"0.5","m":true,"T":"2023-09-10T16:21:00Z"}
{"p":"18.127","s":"SOLUSDT","q":"116","m":true,"T":"2023-09-10T16:21:01Z"}
{"p":"60.75","s":"LTCUSDT","q":"0.123","m":true,"T":"2023-09-10T16:21:01Z"}
{"p":"1617.44","s":"ETHUSDT","q":"0.103","m":false,"T":"2023-09-10T16:21:01Z"}
{"p":"18.126","s":"SOLUSDT","q":"265","m":true,"T":"2023-09-10T16:21:01Z"}
{"p":"18.127","s":"SOLUSDT","q":"181","m":true,"T":"2023-09-10T16:21:01Z"}
{"p":"25774.1","s":"BTCUSDT","q":"0.001","m":false,"T":"2023-09-10T16:21:01Z"}
{"p":"18.125","s":"SOLUSDT","q":"106","m":true,"T":"2023-09-10T16:21:01Z"}
{"p":"1617.44","s":"ETHUSDT","q":"0.174","m":false,"T":"2023-09-10T16:21:01Z"}
{"p":"18.126","s":"SOLUSDT","q":"97","m":false,"T":"2023-09-10T16:21:01Z"}
{"p":"25774.1","s":"BTCUSDT","q":"0.202","m":false,"T":"2023-09-10T16:21:02Z"}
{"p":"60.76","s":"LTCUSDT","q":"0.651","m":false,"T":"2023-09-10T16:21:02Z"}
{"p":"18.126","s":"SOLUSDT","q":"4","m":false,"T":"2023-09-10T16:21:02Z"}
{"p":"25774","s":"BTCUSDT","q":"0.054","m":true,"T":"2023-09-10T16:21:02Z"}
{"p":"60.76","s":"LTCUSDT","q":"4.143","m":false,"T":"2023-09-10T16:21:02Z"}
{"p":"25774.1","s":"BTCUSDT","q":"0.021","m":false,"T":"2023-09-10T16:21:02Z"}
{"p":"18.125","s":"SOLUSDT","q":"29","m":true,"T":"2023-09-10T16:21:02Z"}
{"p":"60.76","s":"LTCUSDT","q":"0.309","m":false,"T":"2023-09-10T16:21:02Z"}
{"p":"25774.1","s":"BTCUSDT","q":"0.009","m":false,"T":"2023-09-10T16:21:02Z"}
{"p":"25774.1","s":"BTCUSDT","q":"0.004","m":false,"T":"2023-09-10T16:21:02Z"}
{"p":"25774","s":"BTCUSDT","q":"0.062","m":true,"T":"2023-09-10T16:21:02Z"}
{"p":"1617.44","s":"ETHUSDT","q":"0.016","m":false,"T":"2023-09-10T16:21:02Z"}
{"p":"60.75","s":"LTCUSDT","q":"14.278","m":true,"T":"2023-09-10T16:21:02Z"}
{"p":"18.125","s":"SOLUSDT","q":"70","m":true,"T":"2023-09-10T16:21:03Z"}
{"p":"60.76","s":"LTCUSDT","q":"0.21","m":false,"T":"2023-09-10T16:21:03Z"}
{"p":"18.126","s":"SOLUSDT","q":"30","m":false,"T":"2023-09-10T16:21:03Z"}
{"p":"25774.1","s":"BTCUSDT","q":"0.489","m":false,"T":"2023-09-10T16:21:03Z"}
{"p":"18.127","s":"SOLUSDT","q":"3","m":false,"T":"2023-09-10T16:21:03Z"}
{"p":"1617.44","s":"ETHUSDT","q":"0.034","m":false,"T":"2023-09-10T16:21:03Z"}
{"p":"1617.44","s":"ETHUSDT","q":"0.061","m":false,"T":"2023-09-10T16:21:03Z"}
{"p":"25774","s":"BTCUSDT","q":"0.004","m":true,"T":"2023-09-10T16:21:03Z"}
{"p":"1617.43","s":"ETHUSDT","q":"0.034","m":true,"T":"2023-09-10T16:21:03Z"}
{"p":"25774","s":"BTCUSDT","q":"0.16","m":true,"T":"2023-09-10T16:21:03Z"}
{"p":"1617.43","s":"ETHUSDT","q":"0.138","m":true,"T":"2023-09-10T16:21:04Z"}
{"p":"25774","s":"BTCUSDT","q":"0.003","m":true,"T":"2023-09-10T16:21:04Z"}
{"p":"1617.43","s":"ETHUSDT","q":"0.004","m":true,"T":"2023-09-10T16:21:04Z"}
{"p":"60.76","s":"LTCUSDT","q":"0.206","m":false,"T":"2023-09-10T16:21:04Z"}
{"p":"1617.44","s":"ETHUSDT","q":"0.117","m":false,"T":"2023-09-10T16:21:04Z"}
{"p":"25774","s":"BTCUSDT","q":"0.016","m":true,"T":"2023-09-10T16:21:04Z"}
{"p":"60.76","s":"LTCUSDT","q":"0.093","m":false,"T":"2023-09-10T16:21:04Z"}
{"p":"18.126","s":"SOLUSDT","q":"110","m":true,"T":"2023-09-10T16:21:04Z"}
{"p":"25774","s":"BTCUSDT","q":"0.034","m":true,"T":"2023-09-10T16:21:04Z"}
{"p":"18.127","s":"SOLUSDT","q":"39","m":false,"T":"2023-09-10T16:21:04Z"}
{"p":"25774.1","s":"BTCUSDT","q":"0.002","m":false,"T":"2023-09-10T16:21:04Z"}
{"p":"1617.43","s":"ETHUSDT","q":"0.006","m":true,"T":"2023-09-10T16:21:04Z"}
{"p":"60.75","s":"LTCUSDT","q":"0.166","m":true,"T":"2023-09-10T16:21:05Z"}
{"p":"18.127","s":"SOLUSDT","q":"2","m":true,"T":"2023-09-10T16:21:05Z"}
{"p":"25774.1","s":"BTCUSDT","q":"0.013","m":false,"T":"2023-09-10T16:21:06Z"}
{"p":"60.76","s":"LTCUSDT","q":"0.55","m":false,"T":"2023-09-10T16:21:06Z"}
{"p":"18.128","s":"SOLUSDT","q":"30","m":false,"T":"2023-09-10T16:21:06Z"}
{"p":"18.129","s":"SOLUSDT","q":"1","m":false,"T":"2023-09-10T16:21:06Z"}
{"p":"18.128","s":"SOLUSDT","q":"1","m":true,"T":"2023-09-10T16:21:06Z"}
{"p":"18.13","s":"SOLUSDT","q":"2","m":false,"T":"2023-09-10T16:21:06Z"}
{"p":"60.76","s":"LTCUSDT","q":"50.983","m":false,"T":"2023-09-10T16:21:06Z"}
{"p":"25774.1","s":"BTCUSDT","q":"1.6","m":false,"T":"2023-09-10T16:21:06Z"}
{"p":"1617.44","s":"ETHUSDT","q":"0.268","m":false,"T":"2023-09-10T16:21:06Z"}
{"p":"60.77","s":"LTCUSDT","q":"0.507","m":false,"T":"2023-09-10T16:21:06Z"}
{"p":"18.13","s":"SOLUSDT","q":"4","m":false,"T":"2023-09-10T16:21:06Z"}
{"p":"1617.44","s":"ETHUSDT","q":"0.42","m":false,"T":"2023-09-10T16:21:07Z"}
{"p":"25774","s":"BTCUSDT","q":"0.009","m":true,"T":"2023-09-10T16:21:07Z"}
{"p":"25774.1","s":"BTCUSDT","q":"0.002","m":false,"T":"2023-09-10T16:21:07Z"}
{"p":"25774.1","s":"BTCUSDT","q":"0.009","m":false,"T":"2023-09-10T16:21:07Z"}
{"p":"1617.44","s":"ETHUSDT","q":"0.123","m":false,"T":"2023-09-10T16:21:08Z"}
{"p":"18.13","s":"SOLUSDT","q":"4","m":true,"T":"2023-09-10T16:21:08Z"}
{"p":"25774","s":"BTCUSDT","q":"0.021","m":true,"T":"2023-09-10T16:21:08Z"}
{"p":"1617.43","s":"ETHUSDT","q":"0.1","m":true,"T":"2023-09-10T16:21:08Z"}
{"p":"1617.44","s":"ETHUSDT","q":"2","m":false,"T":"2023-09-10T16:21:09Z"}
{"p":"60.77","s":"LTCUSDT","q":"0.096","m":false,"T":"2023-09-10T16:21:09Z"}
{"p":"1617.43","s":"ETHUSDT","q":"40.016","m":true,"T":"2023-09-10T16:21:09Z"}
{"p":"1617.43","s":"ETHUSDT","q":"132.51","m":true,"T":"2023-09-10T16:21:09Z"}
{"p":"25774","s":"BTCUSDT","q":"0.002","m":true,"T":"2023-09-10T16:21:09Z"}
{"p":"1617.4","s":"ETHUSDT","q":"0.511","m":true,"T":"2023-09-10T16:21:09Z"}
{"p":"1617.42","s":"ETHUSDT","q":"1.203","m":true,"T":"2023-09-10T16:21:09Z"}
{"p":"1617.41","s":"ETHUSDT","q":"0.022","m":true,"T":"2023-09-10T16:21:09Z"}
{"p":"1617.38","s":"ETHUSDT","q":"1.237","m":true,"T":"2023-09-10T16:21:09Z"}
{"p":"1617.39","s":"ETHUSDT","q":"0.02","m":true,"T":"2023-09-10T16:21:09Z"}
{"p":"1617.37","s":"ETHUSDT","q":"0.672","m":true,"T":"2023-09-10T16:21:09Z"}
{"p":"25774.1","s":"BTCUSDT","q":"0.023","m":false,"T":"2023-09-10T16:21:09Z"}
{"p":"1617.36","s":"ETHUSDT","q":"0.004","m":true,"T":"2023-09-10T16:21:10Z"}
{"p":"25774","s":"BTCUSDT","q":"0.009","m":true,"T":"2023-09-10T16:21:10Z"}
{"p":"18.131","s":"SOLUSDT","q":"33","m":false,"T":"2023-09-10T16:21:10Z"}
{"p":"60.77","s":"LTCUSDT","q":"16.236","m":false,"T":"2023-09-10T16:21:10Z"}
{"p":"25774.1","s":"BTCUSDT","q":"0.008","m":false,"T":"2023-09-10T16:21:10Z"}
{"p":"1617.36","s":"ETHUSDT","q":"0.185","m":true,"T":"2023-09-10T16:21:10Z"}
{"p":"25774.1","s":"BTCUSDT","q":"0.032","m":false,"T":"2023-09-10T16:21:11Z"}
{"p":"18.131","s":"SOLUSDT","q":"6","m":false,"T":"2023-09-10T16:21:11Z"}
{"p":"1617.36","s":"ETHUSDT","q":"68.085","m":true,"T":"2023-09-10T16:21:11Z"}
{"p":"25774.1","s":"BTCUSDT","q":"0.005","m":false,"T":"2023-09-10T16:21:11Z"}
{"p":"25774.1","s":"BTCUSDT","q":"0.002","m":false,"T":"2023-09-10T16:21:11Z"}
{"p":"18.13","s":"SOLUSDT","q":"34","m":true,"T":"2023-09-10T16:21:12Z"}
{"p":"1617.36","s":"ETHUSDT","q":"0.513","m":true,"T":"2023-09-10T16:21:12Z"}
{"p":"18.13","s":"SOLUSDT","q":"1","m":true,"T":"2023-09-10T16:21:12Z"}
{"p":"18.131","s":"SOLUSDT","q":"232","m":false,"T":"2023-09-10T16:21:13Z"}
{"p":"25774.1","s":"BTCUSDT","q":"0.182","m":false,"T":"2023-09-10T16:21:13Z"}
{"p":"25774","s":"BTCUSDT","q":"0.044","m":true,"T":"2023-09-10T16:21:13Z"}
{"p":"25774.1","s":"BTCUSDT","q":"0.009","m":false,"T":"2023-09-10T16:21:13Z"}
{"p":"18.13","s":"SOLUSDT","q":"39","m":true,"T":"2023-09-10T16:21:14Z"}
{"p":"1617.36","s":"ETHUSDT","q":"0.5","m":true,"T":"2023-09-10T16:21:14Z"}
{"p":"25774.1","s":"BTCUSDT","q":"0.016","m":false,"T":"2023-09-10T16:21:14Z"}
{"p":"25774","s":"BTCUSDT","q":"0.01","m":true,"T":"2023-09-10T16:21:14Z"}
{"p":"1617.37","s":"ETHUSDT","q":"19.775","m":false,"T":"2023-09-10T16:21:14Z"}
{"p":"25774","s":"BTCUSDT","q":"0.01","m":true,"T":"2023-09-10T16:21:15Z"}
{"p":"18.131","s":"SOLUSDT","q":"4","m":false,"T":"2023-09-10T16:21:15Z"}
{"p":"1617.37","s":"ETHUSDT","q":"0.01","m":false,"T":"2023-09-10T16:21:15Z"}
{"p":"25774","s":"BTCUSDT","q":"0.01","m":true,"T":"2023-09-10T16:21:15Z"}
{"p":"25774.1","s":"BTCUSDT","q":"0.008","m":false,"T":"2023-09-10T16:21:15Z"}
{"p":"18.131","s":"SOLUSDT","q":"1","m":false,"T":"2023-09-10T16:21:15Z"}
{"p":"18.13","s":"SOLUSDT","q":"489","m":true,"T":"2023-09-10T16:21:15Z"}
{"p":"18.128","s":"SOLUSDT","q":"320","m":true,"T":"2023-09-10T16:21:15Z"}
{"p":"18.129","s":"SOLUSDT","q":"272","m":true,"T":"2023-09-10T16:21:15Z"}
{"p":"18.127","s":"SOLUSDT","q":"573","m":true,"T":"2023-09-10T16:21:15Z"}
{"p":"60.76","s":"LTCUSDT","q":"5","m":true,"T":"2023-09-10T16:21:15Z"}
{"p":"18.128","s":"SOLUSDT","q":"9","m":false,"T":"2023-09-10T16:21:15Z"}
{"p":"25774.1","s":"BTCUSDT","q":"0.029","m":false,"T":"2023-09-10T16:21:16Z"}
{"p":"18.126","s":"SOLUSDT","q":"11","m":true,"T":"2023-09-10T16:21:16Z"}
{"p":"1617.37","s":"ETHUSDT","q":"0.027","m":false,"T":"2023-09-10T16:21:16Z"}
{"p":"25774","s":"BTCUSDT","q":"0.04","m":true,"T":"2023-09-10T16:21:16Z"}
{"p":"18.126","s":"SOLUSDT","q":"14","m":true,"T":"2023-09-10T16:21:16Z"}
{"p":"1617.36","s":"ETHUSDT","q":"0.027","m":true,"T":"2023-09-10T16:21:16Z"}
{"p":"60.77","s":"LTCUSDT","q":"0.418","m":false,"T":"2023-09-10T16:21:16Z"}
{"p":"18.126","s":"SOLUSDT","q":"23","m":true,"T":"2023-09-10T16:21:16Z"}
{"p":"1617.37","s":"ETHUSDT","q":"0.228","m":false,"T":"2023-09-10T16:21:17Z"}
{"p":"18.127","s":"SOLUSDT","q":"3","m":false,"T":"2023-09-10T16:21:16Z"}
{"p":"25774","s":"BTCUSDT","q":"0.002","m":true,"T":"2023-09-10T16:21:17Z"}
{"p":"18.126","s":"SOLUSDT","q":"85","m":true,"T":"2023-09-10T16:21:17Z"}
{"p":"18.127","s":"SOLUSDT","q":"84","m":false,"T":"2023-09-10T16:21:17Z"}
{"p":"18.129","s":"SOLUSDT","q":"28","m":false,"T":"2023-09-10T16:21:17Z"}
{"p":"18.128","s":"SOLUSDT","q":"2","m":false,"T":"2023-09-10T16:21:17Z"}
{"p":"18.13","s":"SOLUSDT","q":"106","m":false,"T":"2023-09-10T16:21:17Z"}
{"p":"1617.36","s":"ETHUSDT","q":"0.2","m":true,"T":"2023-09-10T16:21:18Z"}
{"p":"1617.36","s":"ETHUSDT","q":"1","m":true,"T":"2023-09-10T16:21:18Z"}
{"p":"1617.37","s":"ETHUSDT","q":"0.02","m":false,"T":"2023-09-10T16:21:18Z"}
{"p":"25774","s":"BTCUSDT","q":"0.001","m":true,"T":"2023-09-10T16:21:18Z"}
{"p":"60.77","s":"LTCUSDT","q":"90.092","m":false,"T":"2023-09-10T16:21:18Z"}
{"p":"1617.37","s":"ETHUSDT","q":"12.391","m":false,"T":"2023-09-10T16:21:18Z"}
{"p":"25774.1","s":"BTCUSDT","q":"0.009","m":false,"T":"2023-09-10T16:21:18Z"}
{"p":"60.78","s":"LTCUSDT","q":"1.771","m":false,"T":"2023-09-10T16:21:18Z"}
{"p":"60.77","s":"LTCUSDT","q":"0.372","m":true,"T":"2023-09-10T16:21:18Z"}
{"p":"18.13","s":"SOLUSDT","q":"75","m":false,"T":"2023-09-10T16:21:18Z"}
{"p":"18.129","s":"SOLUSDT","q":"16","m":true,"T":"2023-09-10T16:21:19Z"}
{"p":"60.77","s":"LTCUSDT","q":"14.533","m":true,"T":"2023-09-10T16:21:19Z"}
{"p":"18.129","s":"SOLUSDT","q":"1","m":true,"T":"2023-09-10T16:21:19Z"}
{"p":"25774.1","s":"BTCUSDT","q":"0.001","m":false,"T":"2023-09-10T16:21:19Z"}
{"p":"25774","s":"BTCUSDT","q":"0.004","m":true,"T":"2023-09-10T16:21:19Z"}
{"p":"1617.37","s":"ETHUSDT","q":"0.105","m":false,"T":"2023-09-10T16:21:19Z"}
{"p":"60.77","s":"LTCUSDT","q":"0.115","m":true,"T":"2023-09-10T16:21:19Z"}
{"p":"18.129","s":"SOLUSDT","q":"1","m":true,"T":"2023-09-10T16:21:19Z"}
{"p":"1617.37","s":"ETHUSDT","q":"0.137","m":false,"T":"2023-09-10T16:21:19Z"}
{"p":"25774.1","s":"BTCUSDT","q":"0.001","m":false,"T":"2023-09-10T16:21:19Z"}
{"p":"1617.36","s":"ETHUSDT","q":"0.061","m":true,"T":"2023-09-10T16:21:19Z"}
{"p":"25774.1","s":"BTCUSDT","q":"0.001","m":false,"T":"2023-09-10T16:21:19Z"}
{"p":"25774","s":"BTCUSDT","q":"0.006","m":true,"T":"2023-09-10T16:21:20Z"}
{"p":"60.77","s":"LTCUSDT","q":"32.185","m":true,"T":"2023-09-10T16:21:20Z"}
{"p":"18.129","s":"SOLUSDT","q":"29","m":true,"T":"2023-09-10T16:21:20Z"}
{"p":"25774","s":"BTCUSDT","q":"0.462","m":true,"T":"2023-09-10T16:21:20Z"}
{"p":"1617.37","s":"ETHUSDT","q":"0.016","m":false,"T":"2023-09-10T16:21:20Z"}
{"p":"1617.36","s":"ETHUSDT","q":"0.18","m":true,"T":"2023-09-10T16:21:20Z"}
{"p":"25774","s":"BTCUSDT","q":"0.001","m":true,"T":"2023-09-10T16:21:20Z"}
{"p":"1617.37","s":"ETHUSDT","q":"0.016","m":false,"T":"2023-09-10T16:21:21Z"}
{"p":"25774","s":"BTCUSDT","q":"0.002","m":true,"T":"2023-09-10T16:21:21Z"}
{"p":"60.77","s":"LTCUSDT","q":"2.851","m":true,"T":"2023-09-10T16:21:21Z"}
{"p":"25774","s":"BTCUSDT","q":"0.206","m":true,"T":"2023-09-10T16:21:21Z"}
{"p":"1617.36","s":"ETHUSDT","q":"0.007","m":true,"T":"2023-09-10T16:21:21Z"}
{"p":"60.77","s":"LTCUSDT","q":"10","m":true,"T":"2023-09-10T16:21:21Z"}
{"p":"1617.36","s":"ETHUSDT","q":"0.001","m":true,"T":"2023-09-10T16:21:21Z"}
{"p":"18.13","s":"SOLUSDT","q":"8","m":false,"T":"2023-09-10T16:21:21Z"}
{"p":"60.78","s":"LTCUSDT","q":"0.277","m":false,"T":"2023-09-10T16:21:21Z"}
{"p":"18.129","s":"SOLUSDT","q":"2","m":true,"T":"2023-09-10T16:21:22Z"}
{"p":"18.13","s":"SOLUSDT","q":"1","m":false,"T":"2023-09-10T16:21:22Z"}
{"p":"1617.36","s":"ETHUSDT","q":"0.366","m":true,"T":"2023-09-10T16:21:22Z"}
{"p":"25774.1","s":"BTCUSDT","q":"0.001","m":false,"T":"2023-09-10T16:21:22Z"}
{"p":"1617.37","s":"ETHUSDT","q":"0.018","m":false,"T":"2023-09-10T16:21:22Z"}
{"p":"18.13","s":"SOLUSDT","q":"116","m":false,"T":"2023-09-10T16:21:22Z"}
{"p":"1617.36","s":"ETHUSDT","q":"0.414","m":true,"T":"2023-09-10T16:21:22Z"}
{"p":"25774","s":"BTCUSDT","q":"0.003","m":true,"T":"2023-09-10T16:21:22Z"}
{"p":"60.78","s":"LTCUSDT","q":"13.456","m":false,"T":"2023-09-10T16:21:22Z"}
{"p":"25774","s":"BTCUSDT","q":"0.143","m":true,"T":"2023-09-10T16:21:23Z"}
{"p":"18.129","s":"SOLUSDT","q":"3","m":true,"T":"2023-09-10T16:21:23Z"}
{"p":"1617.37","s":"ETHUSDT","q":"0.004","m":false,"T":"2023-09-10T16:21:23Z"}
{"p":"18.13","s":"SOLUSDT","q":"45","m":false,"T":"2023-09-10T16:21:23Z"}
{"p":"60.78","s":"LTCUSDT","q":"0.477","m":false,"T":"2023-09-10T16:21:23Z"}
{"p":"25774","s":"BTCUSDT","q":"0.001","m":true,"T":"2023-09-10T16:21:23Z"}
{"p":"18.129","s":"SOLUSDT","q":"76","m":true,"T":"2023-09-10T16:21:23Z"}
{"p":"18.128","s":"SOLUSDT","q":"29","m":true,"T":"2023-09-10T16:21:23Z"}
{"p":"25774","s":"BTCUSDT","q":"0.026","m":true,"T":"2023-09-10T16:21:23Z"}
{"p":"1617.36","s":"ETHUSDT","q":"0.004","m":true,"T":"2023-09-10T16:21:24Z"}
{"p":"18.129","s":"SOLUSDT","q":"1","m":false,"T":"2023-09-10T16:21:24Z"}
{"p":"25774","s":"BTCUSDT","q":"0.003","m":true,"T":"2023-09-10T16:21:24Z"}
{"p":"1617.36","s":"ETHUSDT","q":"0.1","m":true,"T":"2023-09-10T16:21:24Z"}
{"p":"18.128","s":"SOLUSDT","q":"75","m":true,"T":"2023-09-10T16:21:24Z"}
{"p":"25774","s":"BTCUSDT","q":"0.001","m":true,"T":"2023-09-10T16:21:24Z"}
{"p":"1617.37","s":"ETHUSDT","q":"0.087","m":false,"T":"2023-09-10T16:21:25Z"}
{"p":"60.77","s":"LTCUSDT","q":"32.483","m":true,"T":"2023-09-10T16:21:25Z"}
{"p":"60.78","s":"LTCUSDT","q":"0.729","m":false,"T":"2023-09-10T16:21:25Z"}
{"p":"25774.1","s":"BTCUSDT","q":"0.043","m":false,"T":"2023-09-10T16:21:25Z"}
{"p":"18.129","s":"SOLUSDT","q":"5","m":false,"T":"2023-09-10T16:21:25Z"}
{"p":"25774.1","s":"BTCUSDT","q":"4.266","m":false,"T":"2023-09-10T16:21:26Z"}
{"p":"60.77","s":"LTCUSDT","q":"26.614","m":true,"T":"2023-09-10T16:21:26Z"}
{"p":"60.76","s":"LTCUSDT","q":"8.323","m":true,"T":"2023-09-10T16:21:26Z"}
{"p":"25774","s":"BTCUSDT","q":"0.001","m":true,"T":"2023-09-10T16:21:26Z"}
{"p":"25774","s":"BTCUSDT","q":"0.055","m":true,"T":"2023-09-10T16:21:26Z"}
{"p":"18.129","s":"SOLUSDT","q":"28","m":false,"T":"2023-09-10T16:21:26Z"}
{"p":"1617.37","s":"ETHUSDT","q":"0.042","m":false,"T":"2023-09-10T16:21:26Z"}
{"p":"1617.36","s":"ETHUSDT","q":"0.021","m":true,"T":"2023-09-10T16:21:27Z"}
{"p":"25774.1","s":"BTCUSDT","q":"0.207","m":false,"T":"2023-09-10T16:21:27Z"}
{"p":"18.129","s":"SOLUSDT","q":"1","m":false,"T":"2023-09-10T16:21:28Z"}
{"p":"25774","s":"BTCUSDT","q":"0.001","m":true,"T":"2023-09-10T16:21:28Z"}
{"p":"1617.36","s":"ETHUSDT","q":"0.004","m":true,"T":"2023-09-10T16:21:28Z"}
{"p":"25774","s":"BTCUSDT","q":"0.017","m":true,"T":"2023-09-10T16:21:28Z"}
{"p":"25774","s":"BTCUSDT","q":"0.146","m":true,"T":"2023-09-10T16:21:28Z"}
{"p":"25774.1","s":"BTCUSDT","q":"0.005","m":false,"T":"2023-09-10T16:21:29Z"}
{"p":"18.128","s":"SOLUSDT","q":"114","m":true,"T":"2023-09-10T16:21:29Z"}
{"p":"60.76","s":"LTCUSDT","q":"1.158","m":true,"T":"2023-09-10T16:21:29Z"}
{"p":"25774.1","s":"BTCUSDT","q":"0.155","m":false,"T":"2023-09-10T16:21:29Z"}
{"p":"18.128","s":"SOLUSDT","q":"30","m":true,"T":"2023-09-10T16:21:29Z"}
{"p":"18.128","s":"SOLUSDT","q":"159","m":true,"T":"2023-09-10T16:21:30Z"}
{"p":"60.76","s":"LTCUSDT","q":"16.449","m":true,"T":"2023-09-10T16:21:30Z"}
{"p":"25774.1","s":"BTCUSDT","q":"0.001","m":false,"T":"2023-09-10T16:21:30Z"}
{"p":"18.129","s":"SOLUSDT","q":"1","m":false,"T":"2023-09-10T16:21:30Z"}
{"p":"60.76","s":"LTCUSDT","q":"34.461","m":true,"T":"2023-09-10T16:21:30Z"}
{"p":"1617.37","s":"ETHUSDT","q":"0.034","m":false,"T":"2023-09-10T16:21:30Z"}
{"p":"25774","s":"BTCUSDT","q":"0.001","m":true,"T":"2023-09-10T16:21:30Z"}
{"p":"1617.36","s":"ETHUSDT","q":"0.077","m":true,"T":"2023-09-10T16:21:31Z"}
{"p":"60.76","s":"LTCUSDT","q":"14.972","m":true,"T":"2023-09-10T16:21:31Z"}
{"p":"25774","s":"BTCUSDT","q":"0.001","m":true,"T":"2023-09-10T16:21:31Z"}
{"p":"60.76","s":"LTCUSDT","q":"16.984","m":true,"T":"2023-09-10T16:21:31Z"}
{"p":"1617.36","s":"ETHUSDT","q":"0.007","m":true,"T":"2023-09-10T16:21:31Z"}
{"p":"25774","s":"BTCUSDT","q":"0.009","m":true,"T":"2023-09-10T16:21:31Z"}
{"p":"1617.36","s":"ETHUSDT","q":"0.01","m":true,"T":"2023-09-10T16:21:31Z"}
{"p":"1617.36","s":"ETHUSDT","q":"0.161","m":true,"T":"2023-09-10T16:21:32Z"}
{"p":"18.129","s":"SOLUSDT","q":"2","m":false,"T":"2023-09-10T16:21:32Z"}
{"p":"18.128","s":"SOLUSDT","q":"11","m":true,"T":"2023-09-10T16:21:32Z"}
{"p":"1617.37","s":"ETHUSDT","q":"3.624","m":false,"T":"2023-09-10T16:21:32Z"}
{"p":"1617.37","s":"ETHUSDT","q":"1.721","m":false,"T":"2023-09-10T16:21:33Z"}
{"p":"1617.37","s":"ETHUSDT","q":"0.833","m":false,"T":"2023-09-10T16:21:33Z"}
{"p":"1617.36","s":"ETHUSDT","q":"0.007","m":true,"T":"2023-09-10T16:21:34Z"}
{"p":"1617.36","s":"ETHUSDT","q":"0.008","m":true,"T":"2023-09-10T16:21:34Z"}
{"p":"25774.1","s":"BTCUSDT","q":"0.009","m":false,"T":"2023-09-10T16:21:34Z"}
{"p":"18.128","s":"SOLUSDT","q":"14","m":true,"T":"2023-09-10T16:21:34Z"}
{"p":"1617.36","s":"ETHUSDT","q":"0.114","m":true,"T":"2023-09-10T16:21:34Z"}
{"p":"25774","s":"BTCUSDT","q":"0.003","m":true,"T":"2023-09-10T16:21:35Z"}
{"p":"25774","s":"BTCUSDT","q":"2.334","m":true,"T":"2023-09-10T16:21:35Z"}
{"p":"25774.1","s":"BTCUSDT","q":"0.011","m":false,"T":"2023-09-10T16:21:35Z"}
{"p":"25774","s":"BTCUSDT","q":"0.059","m":true,"T":"2023-09-10T16:21:35Z"}
{"p":"1617.37","s":"ETHUSDT","q":"0.475","m":false,"T":"2023-09-10T16:21:35Z"}
{"p":"1617.36","s":"ETHUSDT","q":"0.1","m":true,"T":"2023-09-10T16:21:36Z"}
{"p":"1617.37","s":"ETHUSDT","q":"0.011","m":false,"T":"2023-09-10T16:21:36Z"}
{"p":"18.129","s":"SOLUSDT","q":"25","m":false,"T":"2023-09-10T16:21:37Z"}
{"p":"1617.37","s":"ETHUSDT","q":"0.055","m":false,"T":"2023-09-10T16:21:37Z"}
{"p":"1617.36","s":"ETHUSDT","q":"2","m":true,"T":"2023-09-10T16:21:37Z"}
{"p":"1617.36","s":"ETHUSDT","q":"0.009","m":true,"T":"2023-09-10T16:21:37Z"}
{"p":"1617.36","s":"ETHUSDT","q":"0.007","m":true,"T":"2023-09-10T16:21:38Z"}
{"p":"25774.1","s":"BTCUSDT","q":"0.001","m":false,"T":"2023-09-10T16:21:38Z"}
{"p":"18.128","s":"SOLUSDT","q":"27","m":true,"T":"2023-09-10T16:21:38Z"}
{"p":"25774.1","s":"BTCUSDT","q":"0.001","m":false,"T":"2023-09-10T16:21:38Z"}
{"p":"25774","s":"BTCUSDT","q":"0.002","m":true,"T":"2023-09-10T16:21:39Z"}
{"p":"1617.36","s":"ETHUSDT","q":"1.506","m":true,"T":"2023-09-10T16:21:39Z"}
{"p":"25774","s":"BTCUSDT","q":"1.065","m":true,"T":"2023-09-10T16:21:39Z"}
{"p":"18.129","s":"SOLUSDT","q":"7","m":false,"T":"2023-09-10T16:21:40Z"}
{"p":"25774.1","s":"BTCUSDT","q":"0.004","m":false,"T":"2023-09-10T16:21:40Z"}
{"p":"18.129","s":"SOLUSDT","q":"7","m":false,"T":"2023-09-10T16:21:40Z"}
{"p":"1617.36","s":"ETHUSDT","q":"1.493","m":true,"T":"2023-09-10T16:21:40Z"}
{"p":"1617.36","s":"ETHUSDT","q":"0.158","m":true,"T":"2023-09-10T16:21:40Z"}
{"p":"1617.36","s":"ETHUSDT","q":"0.073","m":true,"T":"2023-09-10T16:21:41Z"}
{"p":"18.129","s":"SOLUSDT","q":"22","m":false,"T":"2023-09-10T16:21:41Z"}
{"p":"1617.37","s":"ETHUSDT","q":"31","m":false,"T":"2023-09-10T16:21:41Z"}
{"p":"1617.36","s":"ETHUSDT","q":"0.012","m":true,"T":"2023-09-10T16:21:41Z"}
{"p":"25774.1","s":"BTCUSDT","q":"0.014","m":false,"T":"2023-09-10T16:21:41Z"}
{"p":"1617.37","s":"ETHUSDT","q":"0.05","m":false,"T":"2023-09-10T16:21:42Z"}
{"p":"18.129","s":"SOLUSDT","q":"1","m":false,"T":"2023-09-10T16:21:42Z"}
{"p":"1617.36","s":"ETHUSDT","q":"0.463","m":true,"T":"2023-09-10T16:21:42Z"}
{"p":"25774","s":"BTCUSDT","q":"0.051","m":true,"T":"2023-09-10T16:21:42Z"}
{"p":"18.128","s":"SOLUSDT","q":"2","m":true,"T":"2023-09-10T16:21:42Z"}
{"p":"25774.1","s":"BTCUSDT","q":"0.387","m":false,"T":"2023-09-10T16:21:43Z"}
{"p":"25774","s":"BTCUSDT","q":"0.003","m":true,"T":"2023-09-10T16:21:43Z"}
{"p":"1617.36","s":"ETHUSDT","q":"0.031","m":true,"T":"2023-09-10T16:21:43Z"}
{"p":"18.128","s":"SOLUSDT","q":"2","m":true,"T":"2023-09-10T16:21:43Z"}
{"p":"1617.36","s":"ETHUSDT","q":"5","m":true,"T":"2023-09-10T16:21:43Z"}
{"p":"25774.1","s":"BTCUSDT","q":"0.019","m":false,"T":"2023-09-10T16:21:43Z"}
{"p":"60.77","s":"LTCUSDT","q":"0.543","m":false,"T":"2023-09-10T16:21:43Z"}
{"p":"25774","s":"BTCUSDT","q":"0.103","m":true,"T":"2023-09-10T16:21:44Z"}
{"p":"60.77","s":"LTCUSDT","q":"0.25","m":false,"T":"2023-09-10T16:21:44Z"}
{"p":"18.129","s":"SOLUSDT","q":"1","m":false,"T":"2023-09-10T16:21:44Z"}
{"p":"25774.1","s":"BTCUSDT","q":"0.076","m":false,"T":"2023-09-10T16:21:44Z"}
{"p":"25774.1","s":"BTCUSDT","q":"0.046","m":false,"T":"2023-09-10T16:21:44Z"}
{"p":"1617.36","s":"ETHUSDT","q":"0.004","m":true,"T":"2023-09-10T16:21:44Z"}
{"p":"1617.37","s":"ETHUSDT","q":"0.075","m":false,"T":"2023-09-10T16:21:45Z"}
{"p":"1617.36","s":"ETHUSDT","q":"0.614","m":true,"T":"2023-09-10T16:21:45Z"}
{"p":"60.77","s":"LTCUSDT","q":"0.508","m":false,"T":"2023-09-10T16:21:45Z"}
{"p":"18.129","s":"SOLUSDT","q":"3","m":false,"T":"2023-09-10T16:21:45Z"}
{"p":"1617.36","s":"ETHUSDT","q":"0.043","m":true,"T":"2023-09-10T16:21:45Z"}
{"p":"25774.1","s":"BTCUSDT","q":"0.001","m":false,"T":"2023-09-10T16:21:45Z"}
{"p":"25774","s":"BTCUSDT","q":"0.1","m":true,"T":"2023-09-10T16:21:46Z"}
{"p":"18.128","s":"SOLUSDT","q":"307","m":true,"T":"2023-09-10T16:21:46Z"}
{"p":"18.127","s":"SOLUSDT","q":"2","m":true,"T":"2023-09-10T16:21:46Z"}
{"p":"60.76","s":"LTCUSDT","q":"9.47","m":true,"T":"2023-09-10T16:21:46Z"}
{"p":"18.126","s":"SOLUSDT","q":"195","m":true,"T":"2023-09-10T16:21:46Z"}
{"p":"18.125","s":"SOLUSDT","q":"328","m":true,"T":"2023-09-10T16:21:46Z"}
{"p":"18.124","s":"SOLUSDT","q":"106","m":true,"T":"2023-09-10T16:21:46Z"}
{"p":"18.123","s":"SOLUSDT","q":"292","m":true,"T":"2023-09-10T16:21:46Z"}
{"p":"18.122","s":"SOLUSDT","q":"483","m":true,"T":"2023-09-10T16:21:46Z"}
{"p":"18.121","s":"SOLUSDT","q":"138","m":true,"T":"2023-09-10T16:21:46Z"}
{"p":"18.12","s":"SOLUSDT","q":"178","m":true,"T":"2023-09-10T16:21:46Z"}
{"p":"25774.1","s":"BTCUSDT","q":"0.044","m":false,"T":"2023-09-10T16:21:46Z"}
{"p":"25774.1","s":"BTCUSDT","q":"0.029","m":false,"T":"2023-09-10T16:21:46Z"}
{"p":"25774","s":"BTCUSDT","q":"0.008","m":true,"T":"2023-09-10T16:21:46Z"}
{"p":"18.12","s":"SOLUSDT","q":"1","m":false,"T":"2023-09-10T16:21:46Z"}
{"p":"60.77","s":"LTCUSDT","q":"5.423","m":false,"T":"2023-09-10T16:21:47Z"}
{"p":"25774.1","s":"BTCUSDT","q":"0.004","m":false,"T":"2023-09-10T16:21:47Z"}
{"p":"1617.37","s":"ETHUSDT","q":"0.015","m":false,"T":"2023-09-10T16:21:47Z"}
{"p":"60.76","s":"LTCUSDT","q":"0.116","m":true,"T":"2023-09-10T16:21:47Z"}
{"p":"25774","s":"BTCUSDT","q":"0.027","m":true,"T":"2023-09-10T16:21:47Z"}
{"p":"18.119","s":"SOLUSDT","q":"4","m":true,"T":"2023-09-10T16:21:47Z"}
{"p":"1617.37","s":"ETHUSDT","q":"0.016","m":false,"T":"2023-09-10T16:21:48Z"}
{"p":"18.12","s":"SOLUSDT","q":"1","m":false,"T":"2023-09-10T16:21:48Z"}
{"p":"25774","s":"BTCUSDT","q":"0.003","m":true,"T":"2023-09-10T16:21:48Z"}
{"p":"1617.36","s":"ETHUSDT","q":"0.009","m":true,"T":"2023-09-10T16:21:48Z"}
{"p":"18.119","s":"SOLUSDT","q":"89","m":true,"T":"2023-09-10T16:21:48Z"}
{"p":"18.118","s":"SOLUSDT","q":"15","m":true,"T":"2023-09-10T16:21:48Z"}
{"p":"18.116","s":"SOLUSDT","q":"157","m":true,"T":"2023-09-10T16:21:48Z"}
{"p":"18.115","s":"SOLUSDT","q":"896","m":true,"T":"2023-09-10T16:21:48Z"}
{"p":"18.114","s":"SOLUSDT","q":"157","m":true,"T":"2023-09-10T16:21:48Z"}
{"p":"18.115","s":"SOLUSDT","q":"3","m":false,"T":"2023-09-10T16:21:48Z"}
{"p":"60.77","s":"LTCUSDT","q":"0.55","m":false,"T":"2023-09-10T16:21:48Z"}
{"p":"18.114","s":"SOLUSDT","q":"41","m":true,"T":"2023-09-10T16:21:48Z"}
{"p":"18.113","s":"SOLUSDT","q":"22","m":true,"T":"2023-09-10T16:21:48Z"}
{"p":"18.112","s":"SOLUSDT","q":"105","m":true,"T":"2023-09-10T16:21:48Z"}
{"p":"25774","s":"BTCUSDT","q":"15.38","m":true,"T":"2023-09-10T16:21:48Z"}
{"p":"25773.9","s":"BTCUSDT","q":"1.075","m":true,"T":"2023-09-10T16:21:48Z"}
{"p":"25773.8","s":"BTCUSDT","q":"0.545","m":true,"T":"2023-09-10T16:21:48Z"}
{"p":"25773.7","s":"BTCUSDT","q":"0.456","m":true,"T":"2023-09-10T16:21:48Z"}
{"p":"25773.6","s":"BTCUSDT","q":"0.001","m":true,"T":"2023-09-10T16:21:48Z"}
{"p":"25773.5","s":"BTCUSDT","q":"0.069","m":true,"T":"2023-09-10T16:21:48Z"}
{"p":"25773.4","s":"BTCUSDT","q":"0.012","m":true,"T":"2023-09-10T16:21:48Z"}
{"p":"25773.3","s":"BTCUSDT","q":"0.001","m":true,"T":"2023-09-10T16:21:48Z"}
{"p":"25773.2","s":"BTCUSDT","q":"0.018","m":true,"T":"2023-09-10T16:21:48Z"}
{"p":"25773.1","s":"BTCUSDT","q":"0.022","m":true,"T":"2023-09-10T16:21:48Z"}
{"p":"25773","s":"BTCUSDT","q":"0.083","m":true,"T":"2023-09-10T16:21:48Z"}
{"p":"1617.36","s":"ETHUSDT","q":"37.885","m":true,"T":"2023-09-10T16:21:48Z"}
{"p":"25772.9","s":"BTCUSDT","q":"0.002","m":true,"T":"2023-09-10T16:21:48Z"}
{"p":"1617.34","s":"ETHUSDT","q":"4.337","m":true,"T":"2023-09-10T16:21:48Z"}
{"p":"1617.35","s":"ETHUSDT","q":"0.228","m":true,"T":"2023-09-10T16:21:48Z"}
{"p":"1617.33","s":"ETHUSDT","q":"11.637","m":true,"T":"2023-09-10T16:21:48Z"}
{"p":"1617.32","s":"ETHUSDT","q":"30.684","m":true,"T":"2023-09-10T16:21:48Z"}
{"p":"1617.31","s":"ETHUSDT","q":"7.447","m":true,"T":"2023-09-10T16:21:48Z"}
{"p":"25772.8","s":"BTCUSDT","q":"0.195","m":true,"T":"2023-09-10T16:21:48Z"}
{"p":"1617.3","s":"ETHUSDT","q":"6.69","m":true,"T":"2023-09-10T16:21:48Z"}
{"p":"1617.29","s":"ETHUSDT","q":"0.02","m":true,"T":"2023-09-10T16:21:48Z"}
{"p":"1617.28","s":"ETHUSDT","q":"0.333","m":true,"T":"2023-09-10T16:21:48Z"}
{"p":"1617.27","s":"ETHUSDT","q":"3.095","m":true,"T":"2023-09-10T16:21:48Z"}
{"p":"1617.26","s":"ETHUSDT","q":"0.775","m":true,"T":"2023-09-10T16:21:48Z"}
{"p":"1617.25","s":"ETHUSDT","q":"0.745","m":true,"T":"2023-09-10T16:21:48Z"}
{"p":"1617.24","s":"ETHUSDT","q":"9.652","m":true,"T":"2023-09-10T16:21:48Z"}
{"p":"1617.23","s":"ETHUSDT","q":"0.414","m":true,"T":"2023-09-10T16:21:48Z"}
{"p":"60.77","s":"LTCUSDT","q":"0.112","m":false,"T":"2023-09-10T16:21:48Z"}
{"p":"1617.22","s":"ETHUSDT","q":"1.248","m":true,"T":"2023-09-10T16:21:48Z"}
{"p":"18.111","s":"SOLUSDT","q":"1","m":true,"T":"2023-09-10T16:21:48Z"}
{"p":"25772.7","s":"BTCUSDT","q":"1.373","m":true,"T":"2023-09-10T16:21:48Z"}
{"p":"18.11","s":"SOLUSDT","q":"108","m":true,"T":"2023-09-10T16:21:48Z"}
{"p":"25772.6","s":"BTCUSDT","q":"0.089","m":true,"T":"2023-09-10T16:21:48Z"}
{"p":"25772.5","s":"BTCUSDT","q":"0.014","m":true,"T":"2023-09-10T16:21:48Z"}
{"p":"25772.4","s":"BTCUSDT","q":"0.55","m":true,"T":"2023-09-10T16:21:48Z"}
{"p":"25772.3","s":"BTCUSDT","q":"0.053","m":true,"T":"2023-09-10T16:21:48Z"}
{"p":"25772.2","s":"BTCUSDT","q":"0.084","m":true,"T":"2023-09-10T16:21:48Z"}
{"p":"25772.1","s":"BTCUSDT","q":"0.158","m":true,"T":"2023-09-10T16:21:48Z"}
{"p":"25772","s":"BTCUSDT","q":"0.155","m":true,"T":"2023-09-10T16:21:48Z"}
{"p":"25771.9","s":"BTCUSDT","q":"2.016","m":true,"T":"2023-09-10T16:21:48Z"}
{"p":"25771.8","s":"BTCUSDT","q":"2.652","m":true,"T":"2023-09-10T16:21:48Z"}
{"p":"25771.7","s":"BTCUSDT","q":"0.084","m":true,"T":"2023-09-10T16:21:48Z"}
{"p":"25771.6","s":"BTCUSDT","q":"0.27","m":true,"T":"2023-09-10T16:21:48Z"}
{"p":"25771.5","s":"BTCUSDT","q":"0.145","m":true,"T":"2023-09-10T16:21:48Z"}
{"p":"25771.4","s":"BTCUSDT","q":"1.042","m":true,"T":"2023-09-10T16:21:48Z"}
{"p":"1617.21","s":"ETHUSDT","q":"8.596","m":true,"T":"2023-09-10T16:21:48Z"}
{"p":"1617.2","s":"ETHUSDT","q":"0.907","m":true,"T":"2023-09-10T16:21:48Z"}
{"p":"1617.19","s":"ETHUSDT","q":"3.956","m":true,"T":"2023-09-10T16:21:48Z"}
{"p":"25771.3","s":"BTCUSDT","q":"1.751","m":true,"T":"2023-09-10T16:21:48Z"}
{"p":"1617.18","s":"ETHUSDT","q":"3.576","m":true,"T":"2023-09-10T16:21:48Z"}
{"p":"25771.2","s":"BTCUSDT","q":"0.228","m":true,"T":"2023-09-10T16:21:48Z"}
{"p":"25771.1","s":"BTCUSDT","q":"0.013","m":true,"T":"2023-09-10T16:21:48Z"}
{"p":"25771","s":"BTCUSDT","q":"0.02","m":true,"T":"2023-09-10T16:21:48Z"}
{"p":"25770.9","s":"BTCUSDT","q":"0.056","m":true,"T":"2023-09-10T16:21:48Z"}
{"p":"25770.8","s":"BTCUSDT","q":"0.334","m":true,"T":"2023-09-10T16:21:48Z"}
{"p":"1617.17","s":"ETHUSDT","q":"5.945","m":true,"T":"2023-09-10T16:21:48Z"}
{"p":"1617.16","s":"ETHUSDT","q":"12.326","m":true,"T":"2023-09-10T16:21:48Z"}
{"p":"1617.15","s":"ETHUSDT","q":"1.951","m":true,"T":"2023-09-10T16:21:48Z"}
{"p":"1617.14","s":"ETHUSDT","q":"1.071","m":true,"T":"2023-09-10T16:21:48Z"}
{"p":"1617.13","s":"ETHUSDT","q":"6.099","m":true,"T":"2023-09-10T16:21:48Z"}
{"p":"1617.12","s":"ETHUSDT","q":"3.687","m":true,"T":"2023-09-10T16:21:48Z"}
{"p":"18.109","s":"SOLUSDT","q":"441","m":true,"T":"2023-09-10T16:21:48Z"}
{"p":"1617.11","s":"ETHUSDT","q":"7.96","m":true,"T":"2023-09-10T16:21:48Z"}
{"p":"60.76","s":"LTCUSDT","q":"54.441","m":true,"T":"2023-09-10T16:21:48Z"}
{"p":"1617.1","s":"ETHUSDT","q":"6.739","m":true,"T":"2023-09-10T16:21:48Z"}
{"p":"25770.7","s":"BTCUSDT","q":"1.02","m":true,"T":"2023-09-10T16:21:48Z"}
{"p":"60.75","s":"LTCUSDT","q":"137.225","m":true,"T":"2023-09-10T16:21:48Z"}
{"p":"25770.6","s":"BTCUSDT","q":"0.026","m":true,"T":"2023-09-10T16:21:48Z"}
{"p":"25770.5","s":"BTCUSDT","q":"0.035","m":true,"T":"2023-09-10T16:21:48Z"}
{"p":"25770.4","s":"BTCUSDT","q":"0.187","m":true,"T":"2023-09-10T16:21:48Z"}
{"p":"25770.3","s":"BTCUSDT","q":"0.001","m":true,"T":"2023-09-10T16:21:48Z"}
{"p":"25770.2","s":"BTCUSDT","q":"0.003","m":true,"T":"2023-09-10T16:21:48Z"}
{"p":"25770.1","s":"BTCUSDT","q":"0.008","m":true,"T":"2023-09-10T16:21:48Z"}
{"p":"25770","s":"BTCUSDT","q":"0.239","m":true,"T":"2023-09-10T16:21:48Z"}
{"p":"25769.9","s":"BTCUSDT","q":"0.352","m":true,"T":"2023-09-10T16:21:48Z"}
{"p":"25769.8","s":"BTCUSDT","q":"0.177","m":true,"T":"2023-09-10T16:21:48Z"}
{"p":"25769.6","s":"BTCUSDT","q":"0.594","m":true,"T":"2023-09-10T16:21:48Z"}
{"p":"25769.5","s":"BTCUSDT","q":"0.167","m":true,"T":"2023-09-10T16:21:48Z"}
{"p":"25769.4","s":"BTCUSDT","q":"0.197","m":true,"T":"2023-09-10T16:21:48Z"}
{"p":"25769.3","s":"BTCUSDT","q":"0.085","m":true,"T":"2023-09-10T16:21:48Z"}
{"p":"25769.2","s":"BTCUSDT","q":"0.083","m":true,"T":"2023-09-10T16:21:48Z"}
{"p":"25769.1","s":"BTCUSDT","q":"3.283","m":true,"T":"2023-09-10T16:21:48Z"}
{"p":"25769","s":"BTCUSDT","q":"0.011","m":true,"T":"2023-09-10T16:21:48Z"}
{"p":"25768.9","s":"BTCUSDT","q":"1.829","m":true,"T":"2023-09-10T16:21:48Z"}
{"p":"25768.8","s":"BTCUSDT","q":"0.567","m":true,"T":"2023-09-10T16:21:48Z"}
{"p":"25768.7","s":"BTCUSDT","q":"2.186","m":true,"T":"2023-09-10T16:21:48Z"}
{"p":"25768.6","s":"BTCUSDT","q":"6.464","m":true,"T":"2023-09-10T16:21:48Z"}
{"p":"25768.5","s":"BTCUSDT","q":"0.002","m":true,"T":"2023-09-10T16:21:48Z"}
{"p":"25768.4","s":"BTCUSDT","q":"1.766","m":true,"T":"2023-09-10T16:21:48Z"}
{"p":"25768.3","s":"BTCUSDT","q":"0.031","m":true,"T":"2023-09-10T16:21:48Z"}
{"p":"25768.2","s":"BTCUSDT","q":"1.51","m":true,"T":"2023-09-10T16:21:48Z"}
{"p":"25768.1","s":"BTCUSDT","q":"0.232","m":true,"T":"2023-09-10T16:21:48Z"}
{"p":"25768","s":"BTCUSDT","q":"0.007","m":true,"T":"2023-09-10T16:21:48Z"}
{"p":"25767.9","s":"BTCUSDT","q":"0.032","m":true,"T":"2023-09-10T16:21:48Z"}
{"p":"25767.8","s":"BTCUSDT","q":"0.009","m":true,"T":"2023-09-10T16:21:48Z"}
{"p":"25767.7","s":"BTCUSDT","q":"0.001","m":true,"T":"2023-09-10T16:21:48Z"}
{"p":"1617.09","s":"ETHUSDT","q":"5.572","m":true,"T":"2023-09-10T16:21:48Z"}
{"p":"1617.08","s":"ETHUSDT","q":"4.382","m":true,"T":"2023-09-10T16:21:48Z"}
{"p":"25767.5","s":"BTCUSDT","q":"0.271","m":true,"T":"2023-09-10T16:21:48Z"}
{"p":"1617.07","s":"ETHUSDT","q":"6.265","m":true,"T":"2023-09-10T16:21:48Z"}
{"p":"18.108","s":"SOLUSDT","q":"36","m":true,"T":"2023-09-10T16:21:48Z"}
{"p":"25768.7","s":"BTCUSDT","q":"0.114","m":true,"T":"2023-09-10T16:21:48Z"}
{"p":"25767.5","s":"BTCUSDT","q":"0.039","m":true,"T":"2023-09-10T16:21:48Z"}
{"p":"25767.6","s":"BTCUSDT","q":"0.001","m":true,"T":"2023-09-10T16:21:49Z"}
{"p":"25767.5","s":"BTCUSDT","q":"0.176","m":true,"T":"2023-09-10T16:21:49Z"}
{"p":"25767.4","s":"BTCUSDT","q":"0.003","m":true,"T":"2023-09-10T16:21:49Z"}
{"p":"25767.3","s":"BTCUSDT","q":"0.003","m":true,"T":"2023-09-10T16:21:49Z"}
{"p":"25767.1","s":"BTCUSDT","q":"0.001","m":true,"T":"2023-09-10T16:21:49Z"}
{"p":"25767","s":"BTCUSDT","q":"0.354","m":true,"T":"2023-09-10T16:21:49Z"}
{"p":"25766.9","s":"BTCUSDT","q":"0.019","m":true,"T":"2023-09-10T16:21:49Z"}
{"p":"25766.8","s":"BTCUSDT","q":"5.403","m":true,"T":"2023-09-10T16:21:49Z"}
{"p":"25766.7","s":"BTCUSDT","q":"0.194","m":true,"T":"2023-09-10T16:21:49Z"}
{"p":"25766.5","s":"BTCUSDT","q":"0.168","m":true,"T":"2023-09-10T16:21:49Z"}
{"p":"25766.3","s":"BTCUSDT","q":"0.042","m":true,"T":"2023-09-10T16:21:49Z"}
{"p":"25766.2","s":"BTCUSDT","q":"0.347","m":true,"T":"2023-09-10T16:21:49Z"}
{"p":"25766.1","s":"BTCUSDT","q":"0.209","m":true,"T":"2023-09-10T16:21:49Z"}
{"p":"25766","s":"BTCUSDT","q":"0.001","m":true,"T":"2023-09-10T16:21:49Z"}
{"p":"25765.9","s":"BTCUSDT","q":"0.097","m":true,"T":"2023-09-10T16:21:49Z"}
{"p":"25765.8","s":"BTCUSDT","q":"0.194","m":true,"T":"2023-09-10T16:21:49Z"}
{"p":"25765.7","s":"BTCUSDT","q":"0.932","m":true,"T":"2023-09-10T16:21:49Z"}
{"p":"25765.6","s":"BTCUSDT","q":"0.082","m":true,"T":"2023-09-10T16:21:49Z"}
{"p":"25765.5","s":"BTCUSDT","q":"0.002","m":true,"T":"2023-09-10T16:21:49Z"}
{"p":"25765.4","s":"BTCUSDT","q":"0.628","m":true,"T":"2023-09-10T16:21:49Z"}
{"p":"25765.2","s":"BTCUSDT","q":"2.504","m":true,"T":"2023-09-10T16:21:49Z"}
{"p":"25765.1","s":"BTCUSDT","q":"0.002","m":true,"T":"2023-09-10T16:21:49Z"}
{"p":"25765","s":"BTCUSDT","q":"0.403","m":true,"T":"2023-09-10T16:21:49Z"}
{"p":"25764.9","s":"BTCUSDT","q":"3.374","m":true,"T":"2023-09-10T16:21:49Z"}
{"p":"60.74","s":"LTCUSDT","q":"122.556","m":true,"T":"2023-09-10T16:21:48Z"}
{"p":"1617.06","s":"ETHUSDT","q":"0.004","m":true,"T":"2023-09-10T16:21:48Z"}
{"p":"25764.8","s":"BTCUSDT","q":"0.001","m":true,"T":"2023-09-10T16:21:49Z"}
{"p":"25766.8","s":"BTCUSDT","q":"0.039","m":false,"T":"2023-09-10T16:21:49Z"}
{"p":"25765.8","s":"BTCUSDT","q":"0.001","m":false,"T":"2023-09-10T16:21:49Z"}
{"p":"25766.6","s":"BTCUSDT","q":"0.019","m":true,"T":"2023-09-10T16:21:49Z"}
{"p":"25765.1","s":"BTCUSDT","q":"0.08","m":true,"T":"2023-09-10T16:21:49Z"}
{"p":"1617.06","s":"ETHUSDT","q":"6.237","m":true,"T":"2023-09-10T16:21:49Z"}
{"p":"18.106","s":"SOLUSDT","q":"55","m":true,"T":"2023-09-10T16:21:49Z"}
{"p":"25765","s":"BTCUSDT","q":"0.076","m":true,"T":"2023-09-10T16:21:49Z"}
{"p":"1617.06","s":"ETHUSDT","q":"13.125","m":true,"T":"2023-09-10T16:21:49Z"}
{"p":"1617.05","s":"ETHUSDT","q":"0.024","m":true,"T":"2023-09-10T16:21:49Z"}
{"p":"1617.04","s":"ETHUSDT","q":"0.025","m":true,"T":"2023-09-10T16:21:49Z"}
{"p":"25764.9","s":"BTCUSDT","q":"0.022","m":true,"T":"2023-09-10T16:21:49Z"}
{"p":"1617.03","s":"ETHUSDT","q":"0.01","m":true,"T":"2023-09-10T16:21:49Z"}
{"p":"18.105","s":"SOLUSDT","q":"25","m":true,"T":"2023-09-10T16:21:49Z"}
{"p":"25765","s":"BTCUSDT","q":"2.678","m":true,"T":"2023-09-10T16:21:49Z"}
{"p":"25765","s":"BTCUSDT","q":"2.735","m":true,"T":"2023-09-10T16:21:49Z"}
{"p":"1617.02","s":"ETHUSDT","q":"2.092","m":true,"T":"2023-09-10T16:21:49Z"}
{"p":"18.105","s":"SOLUSDT","q":"1","m":true,"T":"2023-09-10T16:21:49Z"}
{"p":"18.106","s":"SOLUSDT","q":"1","m":false,"T":"2023-09-10T16:21:49Z"}
{"p":"25765.1","s":"BTCUSDT","q":"0.078","m":false,"T":"2023-09-10T16:21:49Z"}
{"p":"60.75","s":"LTCUSDT","q":"0.671","m":false,"T":"2023-09-10T16:21:49Z"}
{"p":"18.105","s":"SOLUSDT","q":"81","m":true,"T":"2023-09-10T16:21:49Z"}
{"p":"18.106","s":"SOLUSDT","q":"4","m":false,"T":"2023-09-10T16:21:49Z"}
{"p":"18.106","s":"SOLUSDT","q":"2","m":false,"T":"2023-09-10T16:21:49Z"}
{"p":"1617.02","s":"ETHUSDT","q":"0.312","m":false,"T":"2023-09-10T16:21:49Z"}
{"p":"18.106","s":"SOLUSDT","q":"8","m":false,"T":"2023-09-10T16:21:50Z"}
{"p":"1617.02","s":"ETHUSDT","q":"0.03","m":false,"T":"2023-09-10T16:21:50Z"}
{"p":"25765","s":"BTCUSDT","q":"1.416","m":true,"T":"2023-09-10T16:21:50Z"}
{"p":"1617.01","s":"ETHUSDT","q":"0.005","m":true,"T":"2023-09-10T16:21:50Z"}
{"p":"25764.9","s":"BTCUSDT","q":"0.145","m":true,"T":"2023-09-10T16:21:50Z"}
{"p":"25764.8","s":"BTCUSDT","q":"0.332","m":true,"T":"2023-09-10T16:21:50Z"}
{"p":"25764.7","s":"BTCUSDT","q":"0.001","m":true,"T":"2023-09-10T16:21:50Z"}
{"p":"25764.6","s":"BTCUSDT","q":"0.004","m":true,"T":"2023-09-10T16:21:50Z"}
{"p":"25764.5","s":"BTCUSDT","q":"0.093","m":true,"T":"2023-09-10T16:21:50Z"}
{"p":"25764.4","s":"BTCUSDT","q":"0.036","m":true,"T":"2023-09-10T16:21:50Z"}
{"p":"25764.3","s":"BTCUSDT","q":"0.009","m":true,"T":"2023-09-10T16:21:50Z"}
{"p":"25764.2","s":"BTCUSDT","q":"0.007","m":true,"T":"2023-09-10T16:21:50Z"}
{"p":"25764.1","s":"BTCUSDT","q":"0.001","m":true,"T":"2023-09-10T16:21:50Z"}
{"p":"25764","s":"BTCUSDT","q":"0.004","m":true,"T":"2023-09-10T16:21:50Z"}
{"p":"25763.9","s":"BTCUSDT","q":"0.005","m":true,"T":"2023-09-10T16:21:50Z"}
{"p":"25763.8","s":"BTCUSDT","q":"0.001","m":true,"T":"2023-09-10T16:21:50Z"}
{"p":"25763.7","s":"BTCUSDT","q":"0.005","m":true,"T":"2023-09-10T16:21:50Z"}
{"p":"25763.6","s":"BTCUSDT","q":"0.002","m":true,"T":"2023-09-10T16:21:50Z"}
{"p":"25763.5","s":"BTCUSDT","q":"0.015","m":true,"T":"2023-09-10T16:21:50Z"}
{"p":"25763.4","s":"BTCUSDT","q":"0.021","m":true,"T":"2023-09-10T16:21:50Z"}
{"p":"25763.3","s":"BTCUSDT","q":"0.003","m":true,"T":"2023-09-10T16:21:50Z"}
{"p":"25763.2","s":"BTCUSDT","q":"3.409","m":true,"T":"2023-09-10T16:21:50Z"}
{"p":"25763.1","s":"BTCUSDT","q":"0.019","m":true,"T":"2023-09-10T16:21:51Z"}
{"p":"1617.02","s":"ETHUSDT","q":"0.064","m":false,"T":"2023-09-10T16:21:50Z"}
{"p":"25763.2","s":"BTCUSDT","q":"0.001","m":false,"T":"2023-09-10T16:21:51Z"}
{"p":"25763.2","s":"BTCUSDT","q":"0.014","m":false,"T":"2023-09-10T16:21:51Z"}
{"p":"1617.01","s":"ETHUSDT","q":"18.682","m":true,"T":"2023-09-10T16:21:51Z"}
{"p":"25763.1","s":"BTCUSDT","q":"0.489","m":true,"T":"2023-09-10T16:21:52Z"}
{"p":"1617.01","s":"ETHUSDT","q":"0.01","m":true,"T":"2023-09-10T16:21:52Z"}
{"p":"1617.01","s":"ETHUSDT","q":"0.007","m":true,"T":"2023-09-10T16:21:52Z"}
{"p":"60.74","s":"LTCUSDT","q":"6.577","m":true,"T":"2023-09-10T16:21:52Z"}
{"p":"1617.01","s":"ETHUSDT","q":"0.012","m":true,"T":"2023-09-10T16:21:52Z"}
{"p":"18.105","s":"SOLUSDT","q":"33","m":true,"T":"2023-09-10T16:21:52Z"}
{"p":"1617.01","s":"ETHUSDT","q":"0.35","m":true,"T":"2023-09-10T16:21:52Z"}
{"p":"25763.2","s":"BTCUSDT","q":"0.001","m":false,"T":"2023-09-10T16:21:52Z"}
{"p":"25763.1","s":"BTCUSDT","q":"0.011","m":true,"T":"2023-09-10T16:21:53Z"}
{"p":"25763.2","s":"BTCUSDT","q":"0.311","m":false,"T":"2023-09-10T16:21:53Z"}
{"p":"25763.2","s":"BTCUSDT","q":"0.386","m":false,"T":"2023-09-10T16:21:53Z"}
{"p":"18.105","s":"SOLUSDT","q":"146","m":true,"T":"2023-09-10T16:21:53Z"}
{"p":"25763.1","s":"BTCUSDT","q":"0.137","m":true,"T":"2023-09-10T16:21:54Z"}
{"p":"18.105","s":"SOLUSDT","q":"1","m":false,"T":"2023-09-10T16:21:54Z"}
{"p":"25763.2","s":"BTCUSDT","q":"0.004","m":false,"T":"2023-09-10T16:21:54Z"}
{"p":"25763.1","s":"BTCUSDT","q":"0.091","m":true,"T":"2023-09-10T16:21:54Z"}
{"p":"1617.01","s":"ETHUSDT","q":"0.069","m":true,"T":"2023-09-10T16:21:54Z"}
{"p":"18.105","s":"SOLUSDT","q":"1","m":false,"T":"2023-09-10T16:21:54Z"}
{"p":"25763.2","s":"BTCUSDT","q":"0.005","m":false,"T":"2023-09-10T16:21:54Z"}
{"p":"18.104","s":"SOLUSDT","q":"74","m":true,"T":"2023-09-10T16:21:54Z"}
{"p":"60.74","s":"LTCUSDT","q":"19.346","m":true,"T":"2023-09-10T16:21:55Z"}
{"p":"18.105","s":"SOLUSDT","q":"5","m":false,"T":"2023-09-10T16:21:55Z"}
{"p":"18.105","s":"SOLUSDT","q":"3","m":false,"T":"2023-09-10T16:21:55Z"}
{"p":"18.105","s":"SOLUSDT","q":"3","m":false,"T":"2023-09-10T16:21:55Z"}
{"p":"25763.1","s":"BTCUSDT","q":"0.153","m":true,"T":"2023-09-10T16:21:55Z"}
{"p":"1617.02","s":"ETHUSDT","q":"4.091","m":false,"T":"2023-09-10T16:21:55Z"}
{"p":"60.74","s":"LTCUSDT","q":"38.808","m":true,"T":"2023-09-10T16:21:55Z"}
{"p":"1617.01","s":"ETHUSDT","q":"0.055","m":true,"T":"2023-09-10T16:21:55Z"}
{"p":"18.105","s":"SOLUSDT","q":"417","m":false,"T":"2023-09-10T16:21:56Z"}
{"p":"18.105","s":"SOLUSDT","q":"10","m":false,"T":"2023-09-10T16:21:56Z"}
{"p":"18.105","s":"SOLUSDT","q":"1","m":true,"T":"2023-09-10T16:21:56Z"}
{"p":"25763.2","s":"BTCUSDT","q":"0.011","m":false,"T":"2023-09-10T16:21:56Z"}
{"p":"18.105","s":"SOLUSDT","q":"139","m":true,"T":"2023-09-10T16:21:57Z"}
{"p":"25763.1","s":"BTCUSDT","q":"0.01","m":true,"T":"2023-09-10T16:21:57Z"}
{"p":"18.105","s":"SOLUSDT","q":"1","m":true,"T":"2023-09-10T16:21:57Z"}
{"p":"1617.02","s":"ETHUSDT","q":"0.618","m":false,"T":"2023-09-10T16:21:57Z"}
{"p":"18.105","s":"SOLUSDT","q":"57","m":true,"T":"2023-09-10T16:21:57Z"}
{"p":"18.104","s":"SOLUSDT","q":"62","m":true,"T":"2023-09-10T16:21:57Z"}
{"p":"25763.2","s":"BTCUSDT","q":"0.003","m":false,"T":"2023-09-10T16:21:58Z"}
{"p":"25763.1","s":"BTCUSDT","q":"0.466","m":true,"T":"2023-09-10T16:21:58Z"}
{"p":"25763.1","s":"BTCUSDT","q":"0.001","m":true,"T":"2023-09-10T16:21:59Z"}
{"p":"60.74","s":"LTCUSDT","q":"7.838","m":true,"T":"2023-09-10T16:21:59Z"}
{"p":"18.104","s":"SOLUSDT","q":"116","m":true,"T":"2023-09-10T16:21:59Z"}
{"p":"18.104","s":"SOLUSDT","q":"275","m":true,"T":"2023-09-10T16:22:00Z"}
{"p":"25763.1","s":"BTCUSDT","q":"0.095","m":true,"T":"2023-09-10T16:21:59Z"}
{"p":"25763.2","s":"BTCUSDT","q":"0.001","m":false,"T":"2023-09-10T16:21:59Z"}
{"p":"18.105","s":"SOLUSDT","q":"53","m":false,"T":"2023-09-10T16:22:00Z"}
{"p":"1617.01","s":"ETHUSDT","q":"1.207","m":true,"T":"2023-09-10T16:22:00Z"}
{"p":"18.106","s":"SOLUSDT","q":"32","m":false,"T":"2023-09-10T16:22:00Z"}
{"p":"18.105","s":"SOLUSDT","q":"36","m":true,"T":"2023-09-10T16:22:00Z"}
{"p":"25763.1","s":"BTCUSDT","q":"0.001","m":true,"T":"2023-09-10T16:22:00Z"}
{"p":"18.106","s":"SOLUSDT","q":"2","m":false,"T":"2023-09-10T16:22:00Z"}
{"p":"18.105","s":"SOLUSDT","q":"131","m":true,"T":"2023-09-10T16:22:00Z"}
{"p":"25763.2","s":"BTCUSDT","q":"0.003","m":false,"T":"2023-09-10T16:22:00Z"}
{"p":"18.106","s":"SOLUSDT","q":"1","m":false,"T":"2023-09-10T16:22:00Z"}
{"p":"1617.01","s":"ETHUSDT","q":"0.566","m":true,"T":"2023-09-10T16:22:01Z"}
{"p":"18.105","s":"SOLUSDT","q":"106","m":true,"T":"2023-09-10T16:22:01Z"}
{"p":"25763.1","s":"BTCUSDT","q":"0.194","m":true,"T":"2023-09-10T16:22:01Z"}
{"p":"25763.2","s":"BTCUSDT","q":"0.152","m":false,"T":"2023-09-10T16:22:02Z"}
{"p":"1617.01","s":"ETHUSDT","q":"0.271","m":true,"T":"2023-09-10T16:22:02Z"}
{"p":"25763.2","s":"BTCUSDT","q":"0.038","m":false,"T":"2023-09-10T16:22:02Z"}
{"p":"18.106","s":"SOLUSDT","q":"9","m":false,"T":"2023-09-10T16:22:02Z"}
{"p":"18.106","s":"SOLUSDT","q":"230","m":false,"T":"2023-09-10T16:22:02Z"}
{"p":"25763.1","s":"BTCUSDT","q":"0.011","m":true,"T":"2023-09-10T16:22:04Z"}
{"p":"1617.01","s":"ETHUSDT","q":"0.011","m":true,"T":"2023-09-10T16:22:04Z"}
{"p":"18.106","s":"SOLUSDT","q":"12","m":false,"T":"2023-09-10T16:22:04Z"}
{"p":"25763.1","s":"BTCUSDT","q":"0.003","m":true,"T":"2023-09-10T16:22:04Z"}
{"p":"18.106","s":"SOLUSDT","q":"3","m":false,"T":"2023-09-10T16:22:04Z"}
{"p":"1617.01","s":"ETHUSDT","q":"1","m":true,"T":"2023-09-10T16:22:04Z"}
{"p":"18.106","s":"SOLUSDT","q":"5","m":false,"T":"2023-09-10T16:22:04Z"}
{"p":"25763.1","s":"BTCUSDT","q":"0.804","m":true,"T":"2023-09-10T16:22:05Z"}
{"p":"18.106","s":"SOLUSDT","q":"34","m":false,"T":"2023-09-10T16:22:04Z"}
{"p":"18.105","s":"SOLUSDT","q":"50","m":true,"T":"2023-09-10T16:22:05Z"}
{"p":"60.74","s":"LTCUSDT","q":"95.544","m":true,"T":"2023-09-10T16:22:05Z"}
{"p":"18.106","s":"SOLUSDT","q":"3","m":false,"T":"2023-09-10T16:22:05Z"}
{"p":"1617.01","s":"ETHUSDT","q":"1","m":true,"T":"2023-09-10T16:22:05Z"}
{"p":"60.74","s":"LTCUSDT","q":"5.374","m":false,"T":"2023-09-10T16:22:05Z"}
{"p":"1617.01","s":"ETHUSDT","q":"0.03","m":true,"T":"2023-09-10T16:22:05Z"}
{"p":"25763.1","s":"BTCUSDT","q":"0.004","m":true,"T":"2023-09-10T16:22:05Z"}
{"p":"18.106","s":"SOLUSDT","q":"2","m":false,"T":"2023-09-10T16:22:05Z"}
{"p":"18.106","s":"SOLUSDT","q":"293","m":false,"T":"2023-09-10T16:22:05Z"}
{"p":"25763.1","s":"BTCUSDT","q":"0.003","m":true,"T":"2023-09-10T16:22:05Z"}
{"p":"1617.02","s":"ETHUSDT","q":"5.003","m":false,"T":"2023-09-10T16:22:06Z"}
{"p":"1617.01","s":"ETHUSDT","q":"0.004","m":true,"T":"2023-09-10T16:22:06Z"}
{"p":"60.74","s":"LTCUSDT","q":"0.215","m":false,"T":"2023-09-10T16:22:06Z"}
{"p":"18.107","s":"SOLUSDT","q":"2","m":false,"T":"2023-09-10T16:22:06Z"}
{"p":"18.106","s":"SOLUSDT","q":"1","m":true,"T":"2023-09-10T16:22:06Z"}
{"p":"1617.01","s":"ETHUSDT","q":"0.344","m":true,"T":"2023-09-10T16:22:06Z"}
{"p":"25763.1","s":"BTCUSDT","q":"0.026","m":true,"T":"2023-09-10T16:22:07Z"}
{"p":"60.73","s":"LTCUSDT","q":"16.775","m":true,"T":"2023-09-10T16:22:07Z"}
{"p":"18.106","s":"SOLUSDT","q":"11","m":true,"T":"2023-09-10T16:22:07Z"}
{"p":"25763.1","s":"BTCUSDT","q":"0.101","m":true,"T":"2023-09-10T16:22:07Z"}
{"p":"1617.01","s":"ETHUSDT","q":"0.5","m":true,"T":"2023-09-10T16:22:07Z"}
{"p":"18.107","s":"SOLUSDT","q":"1","m":false,"T":"2023-09-10T16:22:08Z"}
{"p":"25763.2","s":"BTCUSDT","q":"0.369","m":false,"T":"2023-09-10T16:22:08Z"}
{"p":"25763.1","s":"BTCUSDT","q":"0.037","m":true,"T":"2023-09-10T16:22:09Z"}
{"p":"1617.01","s":"ETHUSDT","q":"0.009","m":true,"T":"2023-09-10T16:22:09Z"}
{"p":"60.73","s":"LTCUSDT","q":"1","m":true,"T":"2023-09-10T16:22:09Z"}
{"p":"25763.2","s":"BTCUSDT","q":"0.001","m":false,"T":"2023-09-10T16:22:09Z"}
{"p":"25763.1","s":"BTCUSDT","q":"0.019","m":true,"T":"2023-09-10T16:22:09Z"}
{"p":"18.106","s":"SOLUSDT","q":"83","m":true,"T":"2023-09-10T16:22:10Z"}
{"p":"25763.2","s":"BTCUSDT","q":"0.096","m":false,"T":"2023-09-10T16:22:10Z"}
{"p":"1617.01","s":"ETHUSDT","q":"0.029","m":true,"T":"2023-09-10T16:22:10Z"}
{"p":"25763.2","s":"BTCUSDT","q":"0.085","m":false,"T":"2023-09-10T16:22:10Z"}
{"p":"1617.01","s":"ETHUSDT","q":"1.173","m":true,"T":"2023-09-10T16:22:10Z"}
{"p":"25763.1","s":"BTCUSDT","q":"0.001","m":true,"T":"2023-09-10T16:22:11Z"}
{"p":"1617.01","s":"ETHUSDT","q":"1","m":true,"T":"2023-09-10T16:22:11Z"}
{"p":"1617.02","s":"ETHUSDT","q":"1.5","m":false,"T":"2023-09-10T16:22:11Z"}
{"p":"60.73","s":"LTCUSDT","q":"116.065","m":true,"T":"2023-09-10T16:22:11Z"}
{"p":"1617.01","s":"ETHUSDT","q":"0.613","m":true,"T":"2023-09-10T16:22:11Z"}
{"p":"60.72","s":"LTCUSDT","q":"14.763","m":true,"T":"2023-09-10T16:22:11Z"}
{"p":"25763.2","s":"BTCUSDT","q":"0.005","m":false,"T":"2023-09-10T16:22:11Z"}
{"p":"1617.01","s":"ETHUSDT","q":"0.722","m":true,"T":"2023-09-10T16:22:11Z"}
{"p":"18.106","s":"SOLUSDT","q":"111","m":true,"T":"2023-09-10T16:22:11Z"}
{"p":"60.72","s":"LTCUSDT","q":"17.324","m":true,"T":"2023-09-10T16:22:11Z"}
{"p":"25763.1","s":"BTCUSDT","q":"0.028","m":true,"T":"2023-09-10T16:22:12Z"}
{"p":"60.73","s":"LTCUSDT","q":"0.394","m":false,"T":"2023-09-10T16:22:12Z"}
{"p":"18.107","s":"SOLUSDT","q":"2","m":false,"T":"2023-09-10T16:22:12Z"}
{"p":"1617.02","s":"ETHUSDT","q":"0.03","m":false,"T":"2023-09-10T16:22:12Z"}
{"p":"60.72","s":"LTCUSDT","q":"50","m":true,"T":"2023-09-10T16:22:12Z"}
{"p":"25763.1","s":"BTCUSDT","q":"0.007","m":true,"T":"2023-09-10T16:22:12Z"}
{"p":"25763.1","s":"BTCUSDT","q":"0.001","m":true,"T":"2023-09-10T16:22:12Z"}
{"p":"60.72","s":"LTCUSDT","q":"17.699","m":true,"T":"2023-09-10T16:22:13Z"}
{"p":"1617.02","s":"ETHUSDT","q":"0.172","m":false,"T":"2023-09-10T16:22:13Z"}
{"p":"18.106","s":"SOLUSDT","q":"5","m":true,"T":"2023-09-10T16:22:13Z"}
{"p":"1617.01","s":"ETHUSDT","q":"0.5","m":true,"T":"2023-09-10T16:22:13Z"}
{"p":"60.73","s":"LTCUSDT","q":"0.74","m":false,"T":"2023-09-10T16:22:13Z"}
{"p":"18.107","s":"SOLUSDT","q":"5","m":false,"T":"2023-09-10T16:22:14Z"}
{"p":"25763.2","s":"BTCUSDT","q":"0.02","m":false,"T":"2023-09-10T16:22:14Z"}
{"p":"18.106","s":"SOLUSDT","q":"219","m":true,"T":"2023-09-10T16:22:14Z"}
{"p":"18.106","s":"SOLUSDT","q":"894","m":true,"T":"2023-09-10T16:22:14Z"}
{"p":"18.105","s":"SOLUSDT","q":"1","m":true,"T":"2023-09-10T16:22:14Z"}
{"p":"18.104","s":"SOLUSDT","q":"32","m":true,"T":"2023-09-10T16:22:14Z"}
{"p":"1617.01","s":"ETHUSDT","q":"0.009","m":true,"T":"2023-09-10T16:22:14Z"}
{"p":"18.103","s":"SOLUSDT","q":"9","m":true,"T":"2023-09-10T16:22:14Z"}
{"p":"25763.1","s":"BTCUSDT","q":"0.01","m":true,"T":"2023-09-10T16:22:14Z"}
{"p":"60.73","s":"LTCUSDT","q":"0.547","m":false,"T":"2023-09-10T16:22:14Z"}
{"p":"18.104","s":"SOLUSDT","q":"14","m":false,"T":"2023-09-10T16:22:14Z"}
{"p":"18.103","s":"SOLUSDT","q":"213","m":true,"T":"2023-09-10T16:22:14Z"}
{"p":"18.103","s":"SOLUSDT","q":"214","m":false,"T":"2023-09-10T16:22:14Z"}
{"p":"18.105","s":"SOLUSDT","q":"267","m":false,"T":"2023-09-10T16:22:14Z"}
{"p":"18.104","s":"SOLUSDT","q":"1100","m":false,"T":"2023-09-10T16:22:14Z"}
{"p":"18.108","s":"SOLUSDT","q":"1327","m":false,"T":"2023-09-10T16:22:14Z"}
{"p":"18.106","s":"SOLUSDT","q":"685","m":false,"T":"2023-09-10T16:22:14Z"}
{"p":"18.107","s":"SOLUSDT","q":"1090","m":false,"T":"2023-09-10T16:22:14Z"}
{"p":"18.11","s":"SOLUSDT","q":"2669","m":false,"T":"2023-09-10T16:22:14Z"}
{"p":"18.109","s":"SOLUSDT","q":"997","m":false,"T":"2023-09-10T16:22:14Z"}
{"p":"18.111","s":"SOLUSDT","q":"416","m":false,"T":"2023-09-10T16:22:14Z"}
{"p":"18.111","s":"SOLUSDT","q":"30","m":true,"T":"2023-09-10T16:22:14Z"}
{"p":"18.112","s":"SOLUSDT","q":"240","m":false,"T":"2023-09-10T16:22:14Z"}
{"p":"18.112","s":"SOLUSDT","q":"160","m":false,"T":"2023-09-10T16:22:14Z"}
{"p":"18.111","s":"SOLUSDT","q":"27","m":true,"T":"2023-09-10T16:22:14Z"}
{"p":"60.72","s":"LTCUSDT","q":"0.175","m":true,"T":"2023-09-10T16:22:14Z"}
{"p":"18.112","s":"SOLUSDT","q":"14","m":false,"T":"2023-09-10T16:22:14Z"}
{"p":"18.112","s":"SOLUSDT","q":"2","m":false,"T":"2023-09-10T16:22:15Z"}
{"p":"18.111","s":"SOLUSDT","q":"6","m":true,"T":"2023-09-10T16:22:15Z"}
{"p":"25763.1","s":"BTCUSDT","q":"0.06","m":true,"T":"2023-09-10T16:22:15Z"}
{"p":"18.112","s":"SOLUSDT","q":"5","m":false,"T":"2023-09-10T16:22:15Z"}
{"p":"18.111","s":"SOLUSDT","q":"228","m":true,"T":"2023-09-10T16:22:15Z"}
{"p":"25763.1","s":"BTCUSDT","q":"0.012","m":true,"T":"2023-09-10T16:22:15Z"}
{"p":"18.11","s":"SOLUSDT","q":"122","m":true,"T":"2023-09-10T16:22:15Z"}
{"p":"18.111","s":"SOLUSDT","q":"1","m":false,"T":"2023-09-10T16:22:16Z"}
{"p":"18.11","s":"SOLUSDT","q":"1","m":true,"T":"2023-09-10T16:22:16Z"}
{"p":"18.109","s":"SOLUSDT","q":"13","m":true,"T":"2023-09-10T16:22:16Z"}
{"p":"1617.01","s":"ETHUSDT","q":"14.261","m":true,"T":"2023-09-10T16:22:16Z"}
{"p":"60.72","s":"LTCUSDT","q":"3.94","m":true,"T":"2023-09-10T16:22:16Z"}
{"p":"1617.02","s":"ETHUSDT","q":"0.1","m":false,"T":"2023-09-10T16:22:16Z"}
{"p":"25763.2","s":"BTCUSDT","q":"0.001","m":false,"T":"2023-09-10T16:22:16Z"}
{"p":"1617.01","s":"ETHUSDT","q":"0.046","m":true,"T":"2023-09-10T16:22:16Z"}
{"p":"18.11","s":"SOLUSDT","q":"17","m":false,"T":"2023-09-10T16:22:16Z"}
{"p":"18.109","s":"SOLUSDT","q":"24","m":true,"T":"2023-09-10T16:22:17Z"}
{"p":"18.108","s":"SOLUSDT","q":"3","m":true,"T":"2023-09-10T16:22:17Z"}
{"p":"1617.01","s":"ETHUSDT","q":"6.184","m":true,"T":"2023-09-10T16:22:16Z"}
{"p":"18.107","s":"SOLUSDT","q":"17","m":true,"T":"2023-09-10T16:22:17Z"}
{"p":"25763.1","s":"BTCUSDT","q":"0.003","m":true,"T":"2023-09-10T16:22:17Z"}
{"p":"60.73","s":"LTCUSDT","q":"34.516","m":false,"T":"2023-09-10T16:22:17Z"}
{"p":"1617.02","s":"ETHUSDT","q":"0.389","m":false,"T":"2023-09-10T16:22:18Z"}
{"p":"25763.1","s":"BTCUSDT","q":"0.059","m":true,"T":"2023-09-10T16:22:18Z"}
{"p":"25763.1","s":"BTCUSDT","q":"0.024","m":true,"T":"2023-09-10T16:22:19Z"}
{"p":"1617.01","s":"ETHUSDT","q":"0.1","m":true,"T":"2023-09-10T16:22:19Z"}
{"p":"25763.1","s":"BTCUSDT","q":"0.084","m":true,"T":"2023-09-10T16:22:19Z"}
{"p":"1617.01","s":"ETHUSDT","q":"0.004","m":true,"T":"2023-09-10T16:22:19Z"}
{"p":"60.72","s":"LTCUSDT","q":"0.525","m":true,"T":"2023-09-10T16:22:19Z"}
{"p":"25763.1","s":"BTCUSDT","q":"0.021","m":true,"T":"2023-09-10T16:22:19Z"}
{"p":"1617.01","s":"ETHUSDT","q":"23.299","m":true,"T":"2023-09-10T16:22:20Z"}
{"p":"60.73","s":"LTCUSDT","q":"0.085","m":false,"T":"2023-09-10T16:22:20Z"}
{"p":"1617.02","s":"ETHUSDT","q":"0.06","m":false,"T":"2023-09-10T16:22:20Z"}
{"p":"18.107","s":"SOLUSDT","q":"2","m":true,"T":"2023-09-10T16:22:20Z"}
{"p":"25763.1","s":"BTCUSDT","q":"0.057","m":true,"T":"2023-09-10T16:22:20Z"}
{"p":"1617.02","s":"ETHUSDT","q":"0.019","m":false,"T":"2023-09-10T16:22:20Z"}
{"p":"25763.1","s":"BTCUSDT","q":"0.004","m":true,"T":"2023-09-10T16:22:20Z"}
{"p":"1617.01","s":"ETHUSDT","q":"1.111","m":true,"T":"2023-09-10T16:22:21Z"}
{"p":"18.108","s":"SOLUSDT","q":"55","m":false,"T":"2023-09-10T16:22:21Z"}
{"p":"25763.1","s":"BTCUSDT","q":"0.098","m":true,"T":"2023-09-10T16:22:21Z"}
{"p":"1617.02","s":"ETHUSDT","q":"0.02","m":false,"T":"2023-09-10T16:22:21Z"}
{"p":"1617.02","s":"ETHUSDT","q":"10.919","m":false,"T":"2023-09-10T16:22:21Z"}
{"p":"1617.01","s":"ETHUSDT","q":"0.013","m":true,"T":"2023-09-10T16:22:21Z"}
{"p":"25763.2","s":"BTCUSDT","q":"0.231","m":false,"T":"2023-09-10T16:22:21Z"}
{"p":"25763.1","s":"BTCUSDT","q":"0.001","m":true,"T":"2023-09-10T16:22:22Z"}
{"p":"1617.02","s":"ETHUSDT","q":"0.1","m":false,"T":"2023-09-10T16:22:22Z"}
{"p":"1617.01","s":"ETHUSDT","q":"1.236","m":true,"T":"2023-09-10T16:22:22Z"}
{"p":"60.73","s":"LTCUSDT","q":"0.092","m":false,"T":"2023-09-10T16:22:22Z"}
{"p":"18.108","s":"SOLUSDT","q":"260","m":false,"T":"2023-09-10T16:22:23Z"}
{"p":"18.109","s":"SOLUSDT","q":"152","m":false,"T":"2023-09-10T16:22:23Z"}
{"p":"60.73","s":"LTCUSDT","q":"11.794","m":false,"T":"2023-09-10T16:22:23Z"}
{"p":"1617.01","s":"ETHUSDT","q":"0.4","m":true,"T":"2023-09-10T16:22:23Z"}
{"p":"1617.01","s":"ETHUSDT","q":"0.315","m":true,"T":"2023-09-10T16:22:23Z"}
{"p":"1617.01","s":"ETHUSDT","q":"1.471","m":true,"T":"2023-09-10T16:22:23Z"}
{"p":"1617.02","s":"ETHUSDT","q":"0.288","m":false,"T":"2023-09-10T16:22:24Z"}
{"p":"18.109","s":"SOLUSDT","q":"5","m":true,"T":"2023-09-10T16:22:23Z"}
{"p":"25763.1","s":"BTCUSDT","q":"0.001","m":true,"T":"2023-09-10T16:22:24Z"}
{"p":"1617.01","s":"ETHUSDT","q":"0.022","m":true,"T":"2023-09-10T16:22:24Z"}
{"p":"25763.1","s":"BTCUSDT","q":"0.001","m":true,"T":"2023-09-10T16:22:24Z"}
{"p":"25763.1","s":"BTCUSDT","q":"0.001","m":true,"T":"2023-09-10T16:22:24Z"}
{"p":"25763.2","s":"BTCUSDT","q":"0.001","m":false,"T":"2023-09-10T16:22:24Z"}
{"p":"1617.01","s":"ETHUSDT","q":"18.505","m":true,"T":"2023-09-10T16:22:24Z"}
{"p":"25763.2","s":"BTCUSDT","q":"0.2","m":false,"T":"2023-09-10T16:22:24Z"}
{"p":"60.72","s":"LTCUSDT","q":"8.233","m":true,"T":"2023-09-10T16:22:24Z"}
{"p":"1617.01","s":"ETHUSDT","q":"1.181","m":true,"T":"2023-09-10T16:22:25Z"}
{"p":"18.108","s":"SOLUSDT","q":"2","m":true,"T":"2023-09-10T16:22:25Z"}
{"p":"1617.02","s":"ETHUSDT","q":"1","m":false,"T":"2023-09-10T16:22:25Z"}
{"p":"60.73","s":"LTCUSDT","q":"0.086","m":false,"T":"2023-09-10T16:22:25Z"}
{"p":"25763.1","s":"BTCUSDT","q":"1.245","m":true,"T":"2023-09-10T16:22:25Z"}
{"p":"1617.02","s":"ETHUSDT","q":"8.19","m":false,"T":"2023-09-10T16:22:25Z"}
{"p":"25763.1","s":"BTCUSDT","q":"0.221","m":true,"T":"2023-09-10T16:22:25Z"}
{"p":"1617.01","s":"ETHUSDT","q":"0.02","m":true,"T":"2023-09-10T16:22:26Z"}
{"p":"25763.1","s":"BTCUSDT","q":"0.003","m":true,"T":"2023-09-10T16:22:26Z"}
{"p":"25763.2","s":"BTCUSDT","q":"0.005","m":false,"T":"2023-09-10T16:22:26Z"}
{"p":"1617.01","s":"ETHUSDT","q":"20","m":true,"T":"2023-09-10T16:22:26Z"}
{"p":"25763.1","s":"BTCUSDT","q":"2","m":true,"T":"2023-09-10T16:22:26Z"}
{"p":"60.73","s":"LTCUSDT","q":"0.495","m":false,"T":"2023-09-10T16:22:26Z"}
{"p":"18.109","s":"SOLUSDT","q":"198","m":true,"T":"2023-09-10T16:22:27Z"}
{"p":"18.109","s":"SOLUSDT","q":"5","m":false,"T":"2023-09-10T16:22:27Z"}
{"p":"18.108","s":"SOLUSDT","q":"90","m":true,"T":"2023-09-10T16:22:27Z"}
{"p":"1617.01","s":"ETHUSDT","q":"0.006","m":true,"T":"2023-09-10T16:22:27Z"}
{"p":"18.109","s":"SOLUSDT","q":"439","m":false,"T":"2023-09-10T16:22:27Z"}
{"p":"18.11","s":"SOLUSDT","q":"1176","m":false,"T":"2023-09-10T16:22:27Z"}
{"p":"18.111","s":"SOLUSDT","q":"1","m":false,"T":"2023-09-10T16:22:27Z"}
{"p":"18.113","s":"SOLUSDT","q":"139","m":false,"T":"2023-09-10T16:22:27Z"}
{"p":"18.112","s":"SOLUSDT","q":"280","m":false,"T":"2023-09-10T16:22:27Z"}
{"p":"18.114","s":"SOLUSDT","q":"46","m":false,"T":"2023-09-10T16:22:27Z"}
{"p":"18.114","s":"SOLUSDT","q":"29","m":false,"T":"2023-09-10T16:22:27Z"}
{"p":"18.115","s":"SOLUSDT","q":"121","m":false,"T":"2023-09-10T16:22:27Z"}
{"p":"18.115","s":"SOLUSDT","q":"1","m":true,"T":"2023-09-10T16:22:27Z"}
{"p":"60.72","s":"LTCUSDT","q":"195","m":true,"T":"2023-09-10T16:22:28Z"}
{"p":"18.115","s":"SOLUSDT","q":"11","m":true,"T":"2023-09-10T16:22:28Z"}
{"p":"18.114","s":"SOLUSDT","q":"64","m":true,"T":"2023-09-10T16:22:28Z"}
{"p":"18.114","s":"SOLUSDT","q":"422","m":true,"T":"2023-09-10T16:22:28Z"}
{"p":"18.115","s":"SOLUSDT","q":"580","m":true,"T":"2023-09-10T16:22:28Z"}
{"p":"25763.1","s":"BTCUSDT","q":"0.12","m":true,"T":"2023-09-10T16:22:28Z"}
{"p":"18.113","s":"SOLUSDT","q":"102","m":true,"T":"2023-09-10T16:22:28Z"}
{"p":"25763.1","s":"BTCUSDT","q":"0.006","m":true,"T":"2023-09-10T16:22:28Z"}
{"p":"25763.2","s":"BTCUSDT","q":"3.909","m":false,"T":"2023-09-10T16:22:29Z"}
{"p":"1617.01","s":"ETHUSDT","q":"0.004","m":true,"T":"2023-09-10T16:22:29Z"}
{"p":"18.113","s":"SOLUSDT","q":"1","m":true,"T":"2023-09-10T16:22:29Z"}
{"p":"25763.1","s":"BTCUSDT","q":"0.196","m":true,"T":"2023-09-10T16:22:29Z"}
{"p":"1617.02","s":"ETHUSDT","q":"0.188","m":false,"T":"2023-09-10T16:22:29Z"}
{"p":"25763.1","s":"BTCUSDT","q":"0.009","m":true,"T":"2023-09-10T16:22:29Z"}
{"p":"1617.01","s":"ETHUSDT","q":"0.851","m":true,"T":"2023-09-10T16:22:29Z"}
{"p":"1617.02","s":"ETHUSDT","q":"0.335","m":false,"T":"2023-09-10T16:22:30Z"}
{"p":"1617.02","s":"ETHUSDT","q":"21.448","m":false,"T":"2023-09-10T16:22:30Z"}
{"p":"25763.1","s":"BTCUSDT","q":"0.001","m":true,"T":"2023-09-10T16:22:30Z"}
{"p":"60.73","s":"LTCUSDT","q":"5.318","m":false,"T":"2023-09-10T16:22:30Z"}
{"p":"1617.02","s":"ETHUSDT","q":"0.113","m":false,"T":"2023-09-10T16:22:31Z"}
{"p":"1617.01","s":"ETHUSDT","q":"5.323","m":true,"T":"2023-09-10T16:22:31Z"}
{"p":"1617.01","s":"ETHUSDT","q":"0.339","m":true,"T":"2023-09-10T16:22:31Z"}
{"p":"25763.2","s":"BTCUSDT","q":"0.092","m":false,"T":"2023-09-10T16:22:31Z"}
{"p":"18.113","s":"SOLUSDT","q":"114","m":true,"T":"2023-09-10T16:22:32Z"}
{"p":"1617.02","s":"ETHUSDT","q":"0.052","m":false,"T":"2023-09-10T16:22:32Z"}
{"p":"25763.2","s":"BTCUSDT","q":"0.001","m":false,"T":"2023-09-10T16:22:32Z"}
{"p":"25763.1","s":"BTCUSDT","q":"0.363","m":true,"T":"2023-09-10T16:22:32Z"}
{"p":"1617.01","s":"ETHUSDT","q":"1.669","m":true,"T":"2023-09-10T16:22:32Z"}
{"p":"60.72","s":"LTCUSDT","q":"19.085","m":true,"T":"2023-09-10T16:22:32Z"}
{"p":"1617.02","s":"ETHUSDT","q":"0.004","m":false,"T":"2023-09-10T16:22:32Z"}
{"p":"18.114","s":"SOLUSDT","q":"2","m":false,"T":"2023-09-10T16:22:33Z"}
{"p":"60.72","s":"LTCUSDT","q":"34.461","m":true,"T":"2023-09-10T16:22:33Z"}
{"p":"18.114","s":"SOLUSDT","q":"7","m":false,"T":"2023-09-10T16:22:33Z"}
{"p":"25763.2","s":"BTCUSDT","q":"0.001","m":false,"T":"2023-09-10T16:22:33Z"}
{"p":"1617.01","s":"ETHUSDT","q":"1.886","m":true,"T":"2023-09-10T16:22:33Z"}
{"p":"18.114","s":"SOLUSDT","q":"1","m":false,"T":"2023-09-10T16:22:33Z"}
{"p":"25763.2","s":"BTCUSDT","q":"0.001","m":false,"T":"2023-09-10T16:22:33Z"}
{"p":"25763.2","s":"BTCUSDT","q":"0.003","m":false,"T":"2023-09-10T16:22:34Z"}
{"p":"1617.02","s":"ETHUSDT","q":"0.006","m":false,"T":"2023-09-10T16:22:34Z"}
{"p":"25763.1","s":"BTCUSDT","q":"0.001","m":true,"T":"2023-09-10T16:22:34Z"}
{"p":"1617.01","s":"ETHUSDT","q":"1.214","m":true,"T":"2023-09-10T16:22:34Z"}
{"p":"1617.01","s":"ETHUSDT","q":"0.641","m":true,"T":"2023-09-10T16:22:35Z"}
{"p":"1617.01","s":"ETHUSDT","q":"9.725","m":true,"T":"2023-09-10T16:22:35Z"}
{"p":"1617.01","s":"ETHUSDT","q":"1.838","m":true,"T":"2023-09-10T16:22:35Z"}
{"p":"18.113","s":"SOLUSDT","q":"2","m":true,"T":"2023-09-10T16:22:36Z"}
{"p":"25763.1","s":"BTCUSDT","q":"0.007","m":true,"T":"2023-09-10T16:22:36Z"}
{"p":"25763.2","s":"BTCUSDT","q":"0.002","m":false,"T":"2023-09-10T16:22:36Z"}
{"p":"25763.1","s":"BTCUSDT","q":"0.003","m":true,"T":"2023-09-10T16:22:36Z"}
{"p":"1617.01","s":"ETHUSDT","q":"2.703","m":true,"T":"2023-09-10T16:22:36Z"}
{"p":"18.114","s":"SOLUSDT","q":"15","m":false,"T":"2023-09-10T16:22:37Z"}
{"p":"25763.1","s":"BTCUSDT","q":"0.039","m":true,"T":"2023-09-10T16:22:37Z"}
{"p":"18.113","s":"SOLUSDT","q":"58","m":true,"T":"2023-09-10T16:22:37Z"}
{"p":"18.114","s":"SOLUSDT","q":"53","m":false,"T":"2023-09-10T16:22:37Z"}
{"p":"18.115","s":"SOLUSDT","q":"22","m":false,"T":"2023-09-10T16:22:37Z"}
{"p":"1617.01","s":"ETHUSDT","q":"0.468","m":true,"T":"2023-09-10T16:22:37Z"}
{"p":"18.116","s":"SOLUSDT","q":"125","m":false,"T":"2023-09-10T16:22:37Z"}
{"p":"18.117","s":"SOLUSDT","q":"18","m":false,"T":"2023-09-10T16:22:37Z"}
{"p":"1617.02","s":"ETHUSDT","q":"0.321","m":false,"T":"2023-09-10T16:22:37Z"}
{"p":"18.118","s":"SOLUSDT","q":"28","m":false,"T":"2023-09-10T16:22:37Z"}
{"p":"60.72","s":"LTCUSDT","q":"20.967","m":true,"T":"2023-09-10T16:22:38Z"}
{"p":"25763.1","s":"BTCUSDT","q":"0.157","m":true,"T":"2023-09-10T16:22:38Z"}
{"p":"25763.1","s":"BTCUSDT","q":"0.56","m":true,"T":"2023-09-10T16:22:38Z"}
{"p":"25763.1","s":"BTCUSDT","q":"0.005","m":true,"T":"2023-09-10T16:22:38Z"}
{"p":"18.117","s":"SOLUSDT","q":"10","m":true,"T":"2023-09-10T16:22:38Z"}
{"p":"1617.01","s":"ETHUSDT","q":"1.871","m":true,"T":"2023-09-10T16:22:38Z"}
{"p":"25763.1","s":"BTCUSDT","q":"0.001","m":true,"T":"2023-09-10T16:22:39Z"}
{"p":"25763.2","s":"BTCUSDT","q":"0.185","m":false,"T":"2023-09-10T16:22:39Z"}
{"p":"18.118","s":"SOLUSDT","q":"1","m":false,"T":"2023-09-10T16:22:39Z"}
{"p":"25763.1","s":"BTCUSDT","q":"0.051","m":true,"T":"2023-09-10T16:22:39Z"}
{"p":"1617.01","s":"ETHUSDT","q":"0.748","m":true,"T":"2023-09-10T16:22:39Z"}
{"p":"25763.2","s":"BTCUSDT","q":"0.011","m":false,"T":"2023-09-10T16:22:39Z"}
{"p":"25763.1","s":"BTCUSDT","q":"0.05","m":true,"T":"2023-09-10T16:22:40Z"}
{"p":"1617.01","s":"ETHUSDT","q":"0.037","m":true,"T":"2023-09-10T16:22:40Z"}
{"p":"60.72","s":"LTCUSDT","q":"0.975","m":true,"T":"2023-09-10T16:22:40Z"}
{"p":"18.117","s":"SOLUSDT","q":"115","m":true,"T":"2023-09-10T16:22:40Z"}
{"p":"1617.02","s":"ETHUSDT","q":"0.006","m":false,"T":"2023-09-10T16:22:40Z"}
{"p":"1617.01","s":"ETHUSDT","q":"0.007","m":true,"T":"2023-09-10T16:22:40Z"}
{"p":"18.117","s":"SOLUSDT","q":"1","m":true,"T":"2023-09-10T16:22:40Z"}
{"p":"25763.1","s":"BTCUSDT","q":"0.003","m":true,"T":"2023-09-10T16:22:40Z"}
{"p":"1617.02","s":"ETHUSDT","q":"0.009","m":false,"T":"2023-09-10T16:22:40Z"}
{"p":"1617.02","s":"ETHUSDT","q":"0.006","m":false,"T":"2023-09-10T16:22:40Z"}
{"p":"18.117","s":"SOLUSDT","q":"20","m":true,"T":"2023-09-10T16:22:41Z"}
{"p":"25763.1","s":"BTCUSDT","q":"0.076","m":true,"T":"2023-09-10T16:22:41Z"}
{"p":"1617.01","s":"ETHUSDT","q":"1.843","m":true,"T":"2023-09-10T16:22:41Z"}
{"p":"1617.01","s":"ETHUSDT","q":"0.231","m":true,"T":"2023-09-10T16:22:42Z"}
{"p":"60.72","s":"LTCUSDT","q":"0.584","m":true,"T":"2023-09-10T16:22:42Z"}
{"p":"1617.02","s":"ETHUSDT","q":"3.092","m":false,"T":"2023-09-10T16:22:42Z"}
{"p":"1617.01","s":"ETHUSDT","q":"0.232","m":true,"T":"2023-09-10T16:22:42Z"}
{"p":"1617.01","s":"ETHUSDT","q":"0.597","m":true,"T":"2023-09-10T16:22:42Z"}
{"p":"60.72","s":"LTCUSDT","q":"0.585","m":true,"T":"2023-09-10T16:22:42Z"}
{"p":"25763.1","s":"BTCUSDT","q":"0.2","m":true,"T":"2023-09-10T16:22:42Z"}
{"p":"18.117","s":"SOLUSDT","q":"12","m":true,"T":"2023-09-10T16:22:43Z"}
{"p":"1617.01","s":"ETHUSDT","q":"0.045","m":true,"T":"2023-09-10T16:22:43Z"}
{"p":"1617.01","s":"ETHUSDT","q":"0.012","m":true,"T":"2023-09-10T16:22:43Z"}
{"p":"18.118","s":"SOLUSDT","q":"3","m":false,"T":"2023-09-10T16:22:43Z"}
{"p":"18.117","s":"SOLUSDT","q":"21","m":true,"T":"2023-09-10T16:22:43Z"}
{"p":"1617.01","s":"ETHUSDT","q":"0.004","m":true,"T":"2023-09-10T16:22:43Z"}
{"p":"18.117","s":"SOLUSDT","q":"50","m":true,"T":"2023-09-10T16:22:44Z"}
{"p":"1617.02","s":"ETHUSDT","q":"0.057","m":false,"T":"2023-09-10T16:22:44Z"}
{"p":"25763.2","s":"BTCUSDT","q":"0.002","m":false,"T":"2023-09-10T16:22:44Z"}
{"p":"1617.01","s":"ETHUSDT","q":"4.745","m":true,"T":"2023-09-10T16:22:44Z"}
{"p":"18.117","s":"SOLUSDT","q":"104","m":true,"T":"2023-09-10T16:22:44Z"}
{"p":"18.118","s":"SOLUSDT","q":"1","m":false,"T":"2023-09-10T16:22:45Z"}
{"p":"25763.1","s":"BTCUSDT","q":"0.019","m":true,"T":"2023-09-10T16:22:45Z"}
{"p":"1617.01","s":"ETHUSDT","q":"1","m":true,"T":"2023-09-10T16:22:45Z"}
{"p":"25763.1","s":"BTCUSDT","q":"0.029","m":true,"T":"2023-09-10T16:22:45Z"}
{"p":"25763.1","s":"BTCUSDT","q":"0.992","m":true,"T":"2023-09-10T16:22:45Z"}
{"p":"25763.1","s":"BTCUSDT","q":"0.001","m":true,"T":"2023-09-10T16:22:45Z"}
{"p":"1617.01","s":"ETHUSDT","q":"0.975","m":true,"T":"2023-09-10T16:22:45Z"}
{"p":"25763.1","s":"BTCUSDT","q":"0.008","m":true,"T":"2023-09-10T16:22:45Z"}
{"p":"1617.01","s":"ETHUSDT","q":"1.829","m":true,"T":"2023-09-10T16:22:45Z"}
{"p":"18.117","s":"SOLUSDT","q":"21","m":true,"T":"2023-09-10T16:22:46Z"}
{"p":"60.72","s":"LTCUSDT","q":"32.976","m":true,"T":"2023-09-10T16:22:46Z"}
{"p":"18.116","s":"SOLUSDT","q":"69","m":true,"T":"2023-09-10T16:22:46Z"}
{"p":"1617.02","s":"ETHUSDT","q":"0.061","m":false,"T":"2023-09-10T16:22:46Z"}
{"p":"60.71","s":"LTCUSDT","q":"10.096","m":true,"T":"2023-09-10T16:22:46Z"}
{"p":"25763.1","s":"BTCUSDT","q":"0.559","m":true,"T":"2023-09-10T16:22:46Z"}
{"p":"1617.01","s":"ETHUSDT","q":"0.266","m":true,"T":"2023-09-10T16:22:46Z"}
{"p":"1617.02","s":"ETHUSDT","q":"1","m":false,"T":"2023-09-10T16:22:46Z"}
{"p":"25763.1","s":"BTCUSDT","q":"0.062","m":true,"T":"2023-09-10T16:22:46Z"}
{"p":"1617.01","s":"ETHUSDT","q":"0.123","m":true,"T":"2023-09-10T16:22:46Z"}
{"p":"18.116","s":"SOLUSDT","q":"80","m":false,"T":"2023-09-10T16:22:46Z"}
{"p":"25763.1","s":"BTCUSDT","q":"0.001","m":true,"T":"2023-09-10T16:22:47Z"}
{"p":"60.72","s":"LTCUSDT","q":"0.785","m":false,"T":"2023-09-10T16:22:47Z"}
{"p":"25763.2","s":"BTCUSDT","q":"0.011","m":false,"T":"2023-09-10T16:22:47Z"}
{"p":"60.71","s":"LTCUSDT","q":"1.244","m":true,"T":"2023-09-10T16:22:47Z"}
{"p":"18.116","s":"SOLUSDT","q":"5","m":false,"T":"2023-09-10T16:22:48Z"}
{"p":"60.72","s":"LTCUSDT","q":"1.645","m":false,"T":"2023-09-10T16:22:48Z"}
{"p":"60.72","s":"LTCUSDT","q":"0.093","m":false,"T":"2023-09-10T16:22:48Z"}
{"p":"1617.01","s":"ETHUSDT","q":"0.004","m":true,"T":"2023-09-10T16:22:48Z"}
{"p":"18.116","s":"SOLUSDT","q":"94","m":false,"T":"2023-09-10T16:22:49Z"}
{"p":"60.71","s":"LTCUSDT","q":"26.584","m":true,"T":"2023-09-10T16:22:48Z"}
{"p":"18.117","s":"SOLUSDT","q":"158","m":false,"T":"2023-09-10T16:22:49Z"}
{"p":"1617.02","s":"ETHUSDT","q":"0.01","m":false,"T":"2023-09-10T16:22:49Z"}
{"p":"60.72","s":"LTCUSDT","q":"0.379","m":false,"T":"2023-09-10T16:22:49Z"}
{"p":"18.116","s":"SOLUSDT","q":"2","m":true,"T":"2023-09-10T16:22:50Z"}
{"p":"25763.1","s":"BTCUSDT","q":"0.127","m":true,"T":"2023-09-10T16:22:50Z"}
{"p":"60.72","s":"LTCUSDT","q":"39.357","m":false,"T":"2023-09-10T16:22:50Z"}
{"p":"18.116","s":"SOLUSDT","q":"496","m":false,"T":"2023-09-10T16:22:50Z"}
{"p":"18.115","s":"SOLUSDT","q":"4","m":true,"T":"2023-09-10T16:22:50Z"}
{"p":"25763.1","s":"BTCUSDT","q":"0.776","m":true,"T":"2023-09-10T16:22:50Z"}
{"p":"18.115","s":"SOLUSDT","q":"56","m":true,"T":"2023-09-10T16:22:50Z"}
{"p":"25763.1","s":"BTCUSDT","q":"0.028","m":true,"T":"2023-09-10T16:22:51Z"}
{"p":"18.115","s":"SOLUSDT","q":"65","m":true,"T":"2023-09-10T16:22:51Z"}
{"p":"18.114","s":"SOLUSDT","q":"58","m":true,"T":"2023-09-10T16:22:51Z"}
{"p":"18.114","s":"SOLUSDT","q":"18","m":true,"T":"2023-09-10T16:22:51Z"}
{"p":"1617.02","s":"ETHUSDT","q":"0.1","m":false,"T":"2023-09-10T16:22:52Z"}
{"p":"18.114","s":"SOLUSDT","q":"3","m":true,"T":"2023-09-10T16:22:52Z"}
{"p":"60.71","s":"LTCUSDT","q":"12.98","m":true,"T":"2023-09-10T16:22:52Z"}
{"p":"25763.2","s":"BTCUSDT","q":"0.122","m":false,"T":"2023-09-10T16:22:52Z"}
{"p":"1617.01","s":"ETHUSDT","q":"0.159","m":true,"T":"2023-09-10T16:22:52Z"}
{"p":"18.115","s":"SOLUSDT","q":"9","m":false,"T":"2023-09-10T16:22:53Z"}
{"p":"18.115","s":"SOLUSDT","q":"3","m":false,"T":"2023-09-10T16:22:53Z"}
{"p":"18.115","s":"SOLUSDT","q":"2","m":false,"T":"2023-09-10T16:22:53Z"}
{"p":"18.115","s":"SOLUSDT","q":"44","m":false,"T":"2023-09-10T16:22:53Z"}
{"p":"18.115","s":"SOLUSDT","q":"1","m":true,"T":"2023-09-10T16:22:53Z"}
{"p":"18.116","s":"SOLUSDT","q":"11","m":false,"T":"2023-09-10T16:22:54Z"}
{"p":"18.116","s":"SOLUSDT","q":"255","m":true,"T":"2023-09-10T16:22:54Z"}
{"p":"18.117","s":"SOLUSDT","q":"32","m":false,"T":"2023-09-10T16:22:54Z"}
{"p":"25763.1","s":"BTCUSDT","q":"0.067","m":true,"T":"2023-09-10T16:22:54Z"}
{"p":"25763.2","s":"BTCUSDT","q":"0.005","m":false,"T":"2023-09-10T16:22:54Z"}
{"p":"1617.02","s":"ETHUSDT","q":"0.012","m":false,"T":"2023-09-10T16:22:54Z"}
{"p":"1617.01","s":"ETHUSDT","q":"0.009","m":true,"T":"2023-09-10T16:22:55Z"}
{"p":"25763.2","s":"BTCUSDT","q":"0.012","m":false,"T":"2023-09-10T16:22:55Z"}
{"p":"25763.1","s":"BTCUSDT","q":"0.042","m":true,"T":"2023-09-10T16:22:55Z"}
{"p":"1617.01","s":"ETHUSDT","q":"0.075","m":true,"T":"2023-09-10T16:22:55Z"}
{"p":"18.117","s":"SOLUSDT","q":"66","m":true,"T":"2023-09-10T16:22:56Z"}
{"p":"18.116","s":"SOLUSDT","q":"1","m":true,"T":"2023-09-10T16:22:56Z"}
{"p":"18.117","s":"SOLUSDT","q":"155","m":false,"T":"2023-09-10T16:22:56Z"}
{"p":"1617.02","s":"ETHUSDT","q":"0.05","m":false,"T":"2023-09-10T16:22:56Z"}
{"p":"1617.01","s":"ETHUSDT","q":"0.009","m":true,"T":"2023-09-10T16:22:56Z"}
{"p":"18.12","s":"SOLUSDT","q":"174","m":false,"T":"2023-09-10T16:22:56Z"}
{"p":"18.119","s":"SOLUSDT","q":"138","m":false,"T":"2023-09-10T16:22:56Z"}
{"p":"18.118","s":"SOLUSDT","q":"161","m":false,"T":"2023-09-10T16:22:56Z"}
{"p":"1617.02","s":"ETHUSDT","q":"0.077","m":false,"T":"2023-09-10T16:22:56Z"}
{"p":"18.121","s":"SOLUSDT","q":"14","m":false,"T":"2023-09-10T16:22:56Z"}
{"p":"1617.01","s":"ETHUSDT","q":"0.024","m":true,"T":"2023-09-10T16:22:56Z"}
{"p":"60.71","s":"LTCUSDT","q":"31.409","m":true,"T":"2023-09-10T16:22:56Z"}
{"p":"1617.01","s":"ETHUSDT","q":"0.097","m":true,"T":"2023-09-10T16:22:56Z"}
{"p":"25763.1","s":"BTCUSDT","q":"0.002","m":true,"T":"2023-09-10T16:22:56Z"}
{"p":"25763.2","s":"BTCUSDT","q":"0.001","m":false,"T":"2023-09-10T16:22:56Z"}
{"p":"18.121","s":"SOLUSDT","q":"12","m":false,"T":"2023-09-10T16:22:57Z"}
{"p":"25763.1","s":"BTCUSDT","q":"1.077","m":true,"T":"2023-09-10T16:22:57Z"}
{"p":"18.119","s":"SOLUSDT","q":"1","m":true,"T":"2023-09-10T16:22:57Z"}
{"p":"18.12","s":"SOLUSDT","q":"10","m":true,"T":"2023-09-10T16:22:57Z"}
{"p":"18.118","s":"SOLUSDT","q":"105","m":true,"T":"2023-09-10T16:22:57Z"}
{"p":"18.117","s":"SOLUSDT","q":"17","m":true,"T":"2023-09-10T16:22:57Z"}
{"p":"18.118","s":"SOLUSDT","q":"28","m":true,"T":"2023-09-10T16:22:57Z"}
{"p":"18.116","s":"SOLUSDT","q":"56","m":true,"T":"2023-09-10T16:22:57Z"}
{"p":"18.117","s":"SOLUSDT","q":"219","m":false,"T":"2023-09-10T16:22:57Z"}
{"p":"18.117","s":"SOLUSDT","q":"15","m":true,"T":"2023-09-10T16:22:58Z"}
{"p":"25763.1","s":"BTCUSDT","q":"0.001","m":true,"T":"2023-09-10T16:22:58Z"}
{"p":"18.118","s":"SOLUSDT","q":"7","m":false,"T":"2023-09-10T16:22:58Z"}
{"p":"25763.1","s":"BTCUSDT","q":"0.003","m":true,"T":"2023-09-10T16:22:58Z"}
{"p":"18.118","s":"SOLUSDT","q":"398","m":true,"T":"2023-09-10T16:22:58Z"}
{"p":"18.117","s":"SOLUSDT","q":"2","m":true,"T":"2023-09-10T16:22:59Z"}
{"p":"18.118","s":"SOLUSDT","q":"11","m":true,"T":"2023-09-10T16:22:59Z"}
{"p":"18.116","s":"SOLUSDT","q":"12","m":true,"T":"2023-09-10T16:22:59Z"}
{"p":"1617.01","s":"ETHUSDT","q":"0.312","m":true,"T":"2023-09-10T16:22:59Z"}
{"p":"18.117","s":"SOLUSDT","q":"24","m":false,"T":"2023-09-10T16:22:59Z"}
{"p":"1617.02","s":"ETHUSDT","q":"0.05","m":false,"T":"2023-09-10T16:23:00Z"}
{"p":"18.118","s":"SOLUSDT","q":"2","m":false,"T":"2023-09-10T16:23:00Z"}
{"p":"25763.1","s":"BTCUSDT","q":"0.037","m":true,"T":"2023-09-10T16:23:00Z"}
{"p":"25763.2","s":"BTCUSDT","q":"0.003","m":false,"T":"2023-09-10T16:23:00Z"}
{"p":"1617.02","s":"ETHUSDT","q":"2.502","m":false,"T":"2023-09-10T16:23:00Z"}
{"p":"25763.1","s":"BTCUSDT","q":"0.194","m":true,"T":"2023-09-10T16:23:00Z"}
{"p":"25763.1","s":"BTCUSDT","q":"0.194","m":true,"T":"2023-09-10T16:23:01Z"}
{"p":"18.118","s":"SOLUSDT","q":"5","m":true,"T":"2023-09-10T16:23:01Z"}
{"p":"1617.01","s":"ETHUSDT","q":"0.258","m":true,"T":"2023-09-10T16:23:01Z"}
{"p":"25763.2","s":"BTCUSDT","q":"0.216","m":false,"T":"2023-09-10T16:23:01Z"}
{"p":"25763.1","s":"BTCUSDT","q":"0.01","m":true,"T":"2023-09-10T16:23:01Z"}
{"p":"18.118","s":"SOLUSDT","q":"5","m":true,"T":"2023-09-10T16:23:01Z"}
{"p":"18.117","s":"SOLUSDT","q":"73","m":true,"T":"2023-09-10T16:23:02Z"}
{"p":"18.117","s":"SOLUSDT","q":"3","m":true,"T":"2023-09-10T16:23:01Z"}
{"p":"25763.1","s":"BTCUSDT","q":"0.011","m":true,"T":"2023-09-10T16:23:02Z"}
{"p":"18.116","s":"SOLUSDT","q":"134","m":true,"T":"2023-09-10T16:23:02Z"}
{"p":"1617.01","s":"ETHUSDT","q":"0.706","m":true,"T":"2023-09-10T16:23:02Z"}
{"p":"60.72","s":"LTCUSDT","q":"0.2","m":false,"T":"2023-09-10T16:23:02Z"}
{"p":"18.117","s":"SOLUSDT","q":"64","m":false,"T":"2023-09-10T16:23:02Z"}
{"p":"25763.1","s":"BTCUSDT","q":"0.039","m":true,"T":"2023-09-10T16:23:02Z"}
{"p":"1617.01","s":"ETHUSDT","q":"0.428","m":true,"T":"2023-09-10T16:23:02Z"}
{"p":"25763.1","s":"BTCUSDT","q":"0.001","m":true,"T":"2023-09-10T16:23:02Z"}
{"p":"18.118","s":"SOLUSDT","q":"1","m":false,"T":"2023-09-10T16:23:02Z"}
{"p":"18.117","s":"SOLUSDT","q":"129","m":true,"T":"2023-09-10T16:23:03Z"}
{"p":"1617.01","s":"ETHUSDT","q":"0.147","m":true,"T":"2023-09-10T16:23:03Z"}
{"p":"18.117","s":"SOLUSDT","q":"85","m":true,"T":"2023-09-10T16:23:03Z"}
{"p":"18.116","s":"SOLUSDT","q":"20","m":true,"T":"2023-09-10T16:23:03Z"}
{"p":"18.117","s":"SOLUSDT","q":"136","m":false,"T":"2023-09-10T16:23:03Z"}
{"p":"18.117","s":"SOLUSDT","q":"80","m":true,"T":"2023-09-10T16:23:03Z"}
{"p":"1617.01","s":"ETHUSDT","q":"0.005","m":true,"T":"2023-09-10T16:23:03Z"}
{"p":"18.118","s":"SOLUSDT","q":"56","m":false,"T":"2023-09-10T16:23:03Z"}
{"p":"1617.01","s":"ETHUSDT","q":"0.017","m":true,"T":"2023-09-10T16:23:04Z"}
{"p":"25763.1","s":"BTCUSDT","q":"0.002","m":true,"T":"2023-09-10T16:23:04Z"}
{"p":"60.72","s":"LTCUSDT","q":"19.49","m":false,"T":"2023-09-10T16:23:04Z"}
{"p":"1617.02","s":"ETHUSDT","q":"0.009","m":false,"T":"2023-09-10T16:23:04Z"}
{"p":"25763.2","s":"BTCUSDT","q":"0.136","m":false,"T":"2023-09-10T16:23:05Z"}
{"p":"25763.1","s":"BTCUSDT","q":"0.001","m":true,"T":"2023-09-10T16:23:05Z"}
{"p":"60.71","s":"LTCUSDT","q":"32.185","m":true,"T":"2023-09-10T16:23:05Z"}
{"p":"18.119","s":"SOLUSDT","q":"3","m":false,"T":"2023-09-10T16:23:05Z"}
{"p":"25763.1","s":"BTCUSDT","q":"0.161","m":true,"T":"2023-09-10T16:23:05Z"}
{"p":"60.72","s":"LTCUSDT","q":"4.845","m":false,"T":"2023-09-10T16:23:06Z"}
{"p":"25763.1","s":"BTCUSDT","q":"0.028","m":true,"T":"2023-09-10T16:23:06Z"}
{"p":"1617.01","s":"ETHUSDT","q":"75.847","m":true,"T":"2023-09-10T16:23:06Z"}
{"p":"1617","s":"ETHUSDT","q":"3.418","m":true,"T":"2023-09-10T16:23:06Z"}
{"p":"1616.99","s":"ETHUSDT","q":"1.92","m":true,"T":"2023-09-10T16:23:06Z"}
{"p":"1616.98","s":"ETHUSDT","q":"2.137","m":true,"T":"2023-09-10T16:23:06Z"}
{"p":"1616.97","s":"ETHUSDT","q":"1.24","m":true,"T":"2023-09-10T16:23:06Z"}
{"p":"1616.96","s":"ETHUSDT","q":"6.195","m":true,"T":"2023-09-10T16:23:06Z"}
{"p":"1616.95","s":"ETHUSDT","q":"0.004","m":true,"T":"2023-09-10T16:23:06Z"}
{"p":"18.119","s":"SOLUSDT","q":"4","m":false,"T":"2023-09-10T16:23:06Z"}
{"p":"1616.94","s":"ETHUSDT","q":"0.044","m":true,"T":"2023-09-10T16:23:06Z"}
{"p":"60.72","s":"LTCUSDT","q":"0.574","m":false,"T":"2023-09-10T16:23:06Z"}
{"p":"18.118","s":"SOLUSDT","q":"25","m":true,"T":"2023-09-10T16:23:06Z"}
{"p":"1616.93","s":"ETHUSDT","q":"0.683","m":true,"T":"2023-09-10T16:23:06Z"}
{"p":"60.71","s":"LTCUSDT","q":"3","m":true,"T":"2023-09-10T16:23:06Z"}
{"p":"1616.94","s":"ETHUSDT","q":"0.123","m":false,"T":"2023-09-10T16:23:06Z"}
{"p":"60.71","s":"LTCUSDT","q":"8.861","m":true,"T":"2023-09-10T16:23:07Z"}
{"p":"1616.93","s":"ETHUSDT","q":"5","m":true,"T":"2023-09-10T16:23:06Z"}
{"p":"18.119","s":"SOLUSDT","q":"1","m":false,"T":"2023-09-10T16:23:07Z"}
{"p":"60.72","s":"LTCUSDT","q":"1.778","m":false,"T":"2023-09-10T16:23:07Z"}
{"p":"25763.1","s":"BTCUSDT","q":"0.028","m":true,"T":"2023-09-10T16:23:07Z"}
{"p":"60.71","s":"LTCUSDT","q":"34.937","m":true,"T":"2023-09-10T16:23:07Z"}
{"p":"60.71","s":"LTCUSDT","q":"10","m":true,"T":"2023-09-10T16:23:07Z"}
{"p":"18.118","s":"SOLUSDT","q":"1","m":true,"T":"2023-09-10T16:23:07Z"}
{"p":"1616.93","s":"ETHUSDT","q":"1.386","m":true,"T":"2023-09-10T16:23:08Z"}
{"p":"1616.94","s":"ETHUSDT","q":"2.4","m":false,"T":"2023-09-10T16:23:08Z"}
{"p":"18.119","s":"SOLUSDT","q":"139","m":false,"T":"2023-09-10T16:23:09Z"}
{"p":"1616.94","s":"ETHUSDT","q":"0.005","m":false,"T":"2023-09-10T16:23:09Z"}
{"p":"1616.93","s":"ETHUSDT","q":"0.186","m":true,"T":"2023-09-10T16:23:09Z"}
{"p":"60.71","s":"LTCUSDT","q":"1.579","m":true,"T":"2023-09-10T16:23:09Z"}
{"p":"1616.94","s":"ETHUSDT","q":"0.2","m":false,"T":"2023-09-10T16:23:09Z"}
{"p":"60.72","s":"LTCUSDT","q":"0.164","m":false,"T":"2023-09-10T16:23:09Z"}
{"p":"25763.2","s":"BTCUSDT","q":"0.008","m":false,"T":"2023-09-10T16:23:09Z"}
{"p":"60.71","s":"LTCUSDT","q":"16.449","m":true,"T":"2023-09-10T16:23:10Z"}
{"p":"18.118","s":"SOLUSDT","q":"10","m":true,"T":"2023-09-10T16:23:10Z"}
{"p":"1616.93","s":"ETHUSDT","q":"14.819","m":true,"T":"2023-09-10T16:23:09Z"}
{"p":"25763.2","s":"BTCUSDT","q":"0.003","m":false,"T":"2023-09-10T16:23:10Z"}
{"p":"25763.1","s":"BTCUSDT","q":"0.651","m":true,"T":"2023-09-10T16:23:10Z"}
{"p":"18.119","s":"SOLUSDT","q":"16","m":false,"T":"2023-09-10T16:23:10Z"}
{"p":"18.118","s":"SOLUSDT","q":"46","m":true,"T":"2023-09-10T16:23:10Z"}
{"p":"60.72","s":"LTCUSDT","q":"2.665","m":false,"T":"2023-09-10T16:23:10Z"}
{"p":"18.12","s":"SOLUSDT","q":"317","m":false,"T":"2023-09-10T16:23:11Z"}
{"p":"18.119","s":"SOLUSDT","q":"207","m":false,"T":"2023-09-10T16:23:11Z"}
{"p":"1616.93","s":"ETHUSDT","q":"0.776","m":true,"T":"2023-09-10T16:23:11Z"}
{"p":"25763.1","s":"BTCUSDT","q":"0.008","m":true,"T":"2023-09-10T16:23:11Z"}
{"p":"1616.94","s":"ETHUSDT","q":"0.343","m":false,"T":"2023-09-10T16:23:11Z"}
{"p":"18.12","s":"SOLUSDT","q":"63","m":false,"T":"2023-09-10T16:23:12Z"}
{"p":"18.123","s":"SOLUSDT","q":"75","m":false,"T":"2023-09-10T16:23:12Z"}
{"p":"18.121","s":"SOLUSDT","q":"112","m":false,"T":"2023-09-10T16:23:12Z"}
{"p":"18.122","s":"SOLUSDT","q":"144","m":false,"T":"2023-09-10T16:23:12Z"}
{"p":"18.126","s":"SOLUSDT","q":"163","m":false,"T":"2023-09-10T16:23:12Z"}
{"p":"18.124","s":"SOLUSDT","q":"444","m":false,"T":"2023-09-10T16:23:12Z"}
{"p":"18.125","s":"SOLUSDT","q":"201","m":false,"T":"2023-09-10T16:23:12Z"}
{"p":"18.129","s":"SOLUSDT","q":"21","m":false,"T":"2023-09-10T16:23:12Z"}
{"p":"18.127","s":"SOLUSDT","q":"256","m":false,"T":"2023-09-10T16:23:12Z"}
{"p":"18.128","s":"SOLUSDT","q":"449","m":false,"T":"2023-09-10T16:23:12Z"}
{"p":"25763.1","s":"BTCUSDT","q":"0.25","m":true,"T":"2023-09-10T16:23:12Z"}
{"p":"18.13","s":"SOLUSDT","q":"19","m":false,"T":"2023-09-10T16:23:12Z"}
{"p":"1616.93","s":"ETHUSDT","q":"4.415","m":true,"T":"2023-09-10T16:23:12Z"}
{"p":"18.129","s":"SOLUSDT","q":"7","m":true,"T":"2023-09-10T16:23:12Z"}
{"p":"60.72","s":"LTCUSDT","q":"0.814","m":false,"T":"2023-09-10T16:23:12Z"}
{"p":"25763.1","s":"BTCUSDT","q":"0.076","m":true,"T":"2023-09-10T16:23:12Z"}
{"p":"60.72","s":"LTCUSDT","q":"19.107","m":false,"T":"2023-09-10T16:23:12Z"}
{"p":"25763.1","s":"BTCUSDT","q":"0.104","m":true,"T":"2023-09-10T16:23:12Z"}
{"p":"60.71","s":"LTCUSDT","q":"1.104","m":true,"T":"2023-09-10T16:23:12Z"}
{"p":"18.129","s":"SOLUSDT","q":"23","m":true,"T":"2023-09-10T16:23:13Z"}
{"p":"1616.94","s":"ETHUSDT","q":"0.009","m":false,"T":"2023-09-10T16:23:12Z"}
{"p":"1616.94","s":"ETHUSDT","q":"0.197","m":false,"T":"2023-09-10T16:23:13Z"}
{"p":"18.128","s":"SOLUSDT","q":"9","m":true,"T":"2023-09-10T16:23:13Z"}
{"p":"25763.1","s":"BTCUSDT","q":"0.027","m":true,"T":"2023-09-10T16:23:13Z"}
{"p":"18.127","s":"SOLUSDT","q":"33","m":false,"T":"2023-09-10T16:23:14Z"}
{"p":"1616.94","s":"ETHUSDT","q":"44.705","m":false,"T":"2023-09-10T16:23:13Z"}
{"p":"1616.94","s":"ETHUSDT","q":"0.008","m":false,"T":"2023-09-10T16:23:14Z"}
{"p":"25763.1","s":"BTCUSDT","q":"0.017","m":true,"T":"2023-09-10T16:23:14Z"}
{"p":"25763.1","s":"BTCUSDT","q":"0.077","m":true,"T":"2023-09-10T16:23:14Z"}
{"p":"1616.93","s":"ETHUSDT","q":"0.042","m":true,"T":"2023-09-10T16:23:15Z"}
{"p":"25763.2","s":"BTCUSDT","q":"0.029","m":false,"T":"2023-09-10T16:23:14Z"}
{"p":"18.126","s":"SOLUSDT","q":"1","m":true,"T":"2023-09-10T16:23:15Z"}
{"p":"18.126","s":"SOLUSDT","q":"1","m":true,"T":"2023-09-10T16:23:15Z"}
{"p":"1616.93","s":"ETHUSDT","q":"0.454","m":true,"T":"2023-09-10T16:23:15Z"}
{"p":"25763.1","s":"BTCUSDT","q":"0.091","m":true,"T":"2023-09-10T16:23:15Z"}
{"p":"60.71","s":"LTCUSDT","q":"1.809","m":true,"T":"2023-09-10T16:23:15Z"}
{"p":"1616.93","s":"ETHUSDT","q":"0.023","m":true,"T":"2023-09-10T16:23:16Z"}
{"p":"25763.1","s":"BTCUSDT","q":"0.577","m":true,"T":"2023-09-10T16:23:16Z"}
{"p":"25763.2","s":"BTCUSDT","q":"0.095","m":false,"T":"2023-09-10T16:23:16Z"}
{"p":"18.127","s":"SOLUSDT","q":"1","m":false,"T":"2023-09-10T16:23:16Z"}
{"p":"25763.1","s":"BTCUSDT","q":"0.099","m":true,"T":"2023-09-10T16:23:17Z"}
{"p":"18.127","s":"SOLUSDT","q":"104","m":false,"T":"2023-09-10T16:23:17Z"}
{"p":"25763.2","s":"BTCUSDT","q":"0.004","m":false,"T":"2023-09-10T16:23:17Z"}
{"p":"1616.93","s":"ETHUSDT","q":"0.22","m":true,"T":"2023-09-10T16:23:17Z"}
{"p":"1616.94","s":"ETHUSDT","q":"0.104","m":false,"T":"2023-09-10T16:23:17Z"}
{"p":"1616.94","s":"ETHUSDT","q":"0.014","m":false,"T":"2023-09-10T16:23:18Z"}
{"p":"18.126","s":"SOLUSDT","q":"3","m":true,"T":"2023-09-10T16:23:18Z"}
{"p":"18.126","s":"SOLUSDT","q":"107","m":true,"T":"2023-09-10T16:23:18Z"}
{"p":"1616.94","s":"ETHUSDT","q":"0.309","m":false,"T":"2023-09-10T16:23:19Z"}
{"p":"60.71","s":"LTCUSDT","q":"26.622","m":true,"T":"2023-09-10T16:23:19Z"}
{"p":"18.127","s":"SOLUSDT","q":"180","m":false,"T":"2023-09-10T16:23:19Z"}
{"p":"18.128","s":"SOLUSDT","q":"185","m":false,"T":"2023-09-10T16:23:19Z"}
{"p":"25763.2","s":"BTCUSDT","q":"0.02","m":false,"T":"2023-09-10T16:23:19Z"}
{"p":"18.128","s":"SOLUSDT","q":"1","m":false,"T":"2023-09-10T16:23:20Z"}
{"p":"25763.1","s":"BTCUSDT","q":"0.74","m":true,"T":"2023-09-10T16:23:20Z"}
{"p":"18.129","s":"SOLUSDT","q":"514","m":false,"T":"2023-09-10T16:23:20Z"}
{"p":"18.128","s":"SOLUSDT","q":"277","m":false,"T":"2023-09-10T16:23:20Z"}
{"p":"18.13","s":"SOLUSDT","q":"318","m":false,"T":"2023-09-10T16:23:20Z"}
{"p":"25763.1","s":"BTCUSDT","q":"1.552","m":true,"T":"2023-09-10T16:23:20Z"}
{"p":"1616.94","s":"ETHUSDT","q":"0.5","m":false,"T":"2023-09-10T16:23:20Z"}
{"p":"18.129","s":"SOLUSDT","q":"4","m":true,"T":"2023-09-10T16:23:20Z"}
{"p":"1616.94","s":"ETHUSDT","q":"0.004","m":false,"T":"2023-09-10T16:23:20Z"}
{"p":"18.128","s":"SOLUSDT","q":"60","m":true,"T":"2023-09-10T16:23:21Z"}
{"p":"1616.94","s":"ETHUSDT","q":"0.471","m":false,"T":"2023-09-10T16:23:21Z"}
{"p":"1616.94","s":"ETHUSDT","q":"5.449","m":false,"T":"2023-09-10T16:23:21Z"}
{"p":"1616.93","s":"ETHUSDT","q":"0.022","m":true,"T":"2023-09-10T16:23:21Z"}
{"p":"25763.2","s":"BTCUSDT","q":"0.003","m":false,"T":"2023-09-10T16:23:22Z"}
{"p":"18.128","s":"SOLUSDT","q":"42","m":true,"T":"2023-09-10T16:23:22Z"}
{"p":"1616.94","s":"ETHUSDT","q":"0.2","m":false,"T":"2023-09-10T16:23:22Z"}
{"p":"25763.1","s":"BTCUSDT","q":"0.001","m":true,"T":"2023-09-10T16:23:22Z"}
{"p":"1616.94","s":"ETHUSDT","q":"0.005","m":false,"T":"2023-09-10T16:23:22Z"}
{"p":"25763.2","s":"BTCUSDT","q":"0.056","m":false,"T":"2023-09-10T16:23:22Z"}
{"p":"25763.1","s":"BTCUSDT","q":"0.022","m":true,"T":"2023-09-10T16:23:23Z"}
{"p":"18.129","s":"SOLUSDT","q":"1","m":false,"T":"2023-09-10T16:23:23Z"}
{"p":"1616.93","s":"ETHUSDT","q":"2.975","m":true,"T":"2023-09-10T16:23:23Z"}
{"p":"1616.93","s":"ETHUSDT","q":"25","m":true,"T":"2023-09-10T16:23:23Z"}
{"p":"1616.93","s":"ETHUSDT","q":"0.124","m":true,"T":"2023-09-10T16:23:24Z"}
{"p":"1616.94","s":"ETHUSDT","q":"0.005","m":false,"T":"2023-09-10T16:23:24Z"}
{"p":"60.71","s":"LTCUSDT","q":"0.083","m":true,"T":"2023-09-10T16:23:24Z"}
{"p":"25763.1","s":"BTCUSDT","q":"0.296","m":true,"T":"2023-09-10T16:23:24Z"}
{"p":"1616.94","s":"ETHUSDT","q":"0.01","m":false,"T":"2023-09-10T16:23:24Z"}
{"p":"25763.1","s":"BTCUSDT","q":"0.003","m":true,"T":"2023-09-10T16:23:25Z"}
{"p":"18.129","s":"SOLUSDT","q":"40","m":false,"T":"2023-09-10T16:23:25Z"}
{"p":"25763.1","s":"BTCUSDT","q":"0.179","m":true,"T":"2023-09-10T16:23:25Z"}
{"p":"25763.1","s":"BTCUSDT","q":"0.2","m":true,"T":"2023-09-10T16:23:25Z"}
{"p":"25763.2","s":"BTCUSDT","q":"0.038","m":false,"T":"2023-09-10T16:23:25Z"}
{"p":"60.71","s":"LTCUSDT","q":"1.647","m":true,"T":"2023-09-10T16:23:25Z"}
{"p":"25763.1","s":"BTCUSDT","q":"0.016","m":true,"T":"2023-09-10T16:23:26Z"}
{"p":"18.128","s":"SOLUSDT","q":"27","m":true,"T":"2023-09-10T16:23:26Z"}
{"p":"18.129","s":"SOLUSDT","q":"4","m":false,"T":"2023-09-10T16:23:26Z"}
{"p":"1616.93","s":"ETHUSDT","q":"0.004","m":true,"T":"2023-09-10T16:23:26Z"}
{"p":"18.126","s":"SOLUSDT","q":"131","m":true,"T":"2023-09-10T16:23:27Z"}
{"p":"18.127","s":"SOLUSDT","q":"713","m":true,"T":"2023-09-10T16:23:27Z"}
{"p":"18.128","s":"SOLUSDT","q":"223","m":true,"T":"2023-09-10T16:23:27Z"}
{"p":"18.124","s":"SOLUSDT","q":"147","m":true,"T":"2023-09-10T16:23:27Z"}
{"p":"18.125","s":"SOLUSDT","q":"179","m":true,"T":"2023-09-10T16:23:27Z"}
{"p":"18.123","s":"SOLUSDT","q":"128","m":true,"T":"2023-09-10T16:23:27Z"}
{"p":"1616.94","s":"ETHUSDT","q":"1","m":false,"T":"2023-09-10T16:23:27Z"}
{"p":"25763.1","s":"BTCUSDT","q":"0.105","m":true,"T":"2023-09-10T16:23:27Z"}
{"p":"1616.93","s":"ETHUSDT","q":"0.7","m":true,"T":"2023-09-10T16:23:27Z"}
{"p":"18.122","s":"SOLUSDT","q":"1","m":true,"T":"2023-09-10T16:23:27Z"}
{"p":"60.71","s":"LTCUSDT","q":"22.995","m":true,"T":"2023-09-10T16:23:28Z"}
{"p":"25763.1","s":"BTCUSDT","q":"0.01","m":true,"T":"2023-09-10T16:23:28Z"}
{"p":"18.122","s":"SOLUSDT","q":"1","m":false,"T":"2023-09-10T16:23:28Z"}
{"p":"1616.93","s":"ETHUSDT","q":"0.048","m":true,"T":"2023-09-10T16:23:28Z"}
{"p":"25763.2","s":"BTCUSDT","q":"0.007","m":false,"T":"2023-09-10T16:23:28Z"}
{"p":"25763.2","s":"BTCUSDT","q":"0.027","m":false,"T":"2023-09-10T16:23:29Z"}
{"p":"18.121","s":"SOLUSDT","q":"39","m":true,"T":"2023-09-10T16:23:29Z"}
{"p":"1616.93","s":"ETHUSDT","q":"0.78","m":true,"T":"2023-09-10T16:23:29Z"}
{"p":"25763.1","s":"BTCUSDT","q":"0.146","m":true,"T":"2023-09-10T16:23:29Z"}
{"p":"18.121","s":"SOLUSDT","q":"29","m":true,"T":"2023-09-10T16:23:29Z"}
{"p":"1616.93","s":"ETHUSDT","q":"0.021","m":true,"T":"2023-09-10T16:23:29Z"}
{"p":"25763.1","s":"BTCUSDT","q":"0.043","m":true,"T":"2023-09-10T16:23:30Z"}
{"p":"1616.94","s":"ETHUSDT","q":"0.001","m":false,"T":"2023-09-10T16:23:30Z"}
{"p":"1616.94","s":"ETHUSDT","q":"3","m":false,"T":"2023-09-10T16:23:30Z"}
{"p":"25763.2","s":"BTCUSDT","q":"0.001","m":false,"T":"2023-09-10T16:23:30Z"}
{"p":"1616.93","s":"ETHUSDT","q":"0.709","m":true,"T":"2023-09-10T16:23:30Z"}
{"p":"25763.1","s":"BTCUSDT","q":"0.989","m":true,"T":"2023-09-10T16:23:31Z"}
{"p":"25763.1","s":"BTCUSDT","q":"0.009","m":true,"T":"2023-09-10T16:23:31Z"}
{"p":"1616.93","s":"ETHUSDT","q":"1.629","m":true,"T":"2023-09-10T16:23:31Z"}
{"p":"25763.2","s":"BTCUSDT","q":"0.003","m":false,"T":"2023-09-10T16:23:31Z"}
{"p":"1616.93","s":"ETHUSDT","q":"6.888","m":true,"T":"2023-09-10T16:23:31Z"}
{"p":"25763.1","s":"BTCUSDT","q":"0.004","m":true,"T":"2023-09-10T16:23:32Z"}
{"p":"60.71","s":"LTCUSDT","q":"1.844","m":true,"T":"2023-09-10T16:23:32Z"}
{"p":"18.121","s":"SOLUSDT","q":"107","m":true,"T":"2023-09-10T16:23:32Z"}
{"p":"25763.2","s":"BTCUSDT","q":"0.524","m":false,"T":"2023-09-10T16:23:32Z"}
{"p":"60.71","s":"LTCUSDT","q":"167.601","m":true,"T":"2023-09-10T16:23:33Z"}
{"p":"60.7","s":"LTCUSDT","q":"332.399","m":true,"T":"2023-09-10T16:23:33Z"}
{"p":"1616.94","s":"ETHUSDT","q":"2.727","m":false,"T":"2023-09-10T16:23:33Z"}
{"p":"60.71","s":"LTCUSDT","q":"16.6","m":false,"T":"2023-09-10T16:23:33Z"}
{"p":"25763.1","s":"BTCUSDT","q":"0.019","m":true,"T":"2023-09-10T16:23:33Z"}
{"p":"1616.93","s":"ETHUSDT","q":"0.033","m":true,"T":"2023-09-10T16:23:33Z"}
{"p":"1616.94","s":"ETHUSDT","q":"2","m":false,"T":"2023-09-10T16:23:33Z"}
{"p":"25763.2","s":"BTCUSDT","q":"0.02","m":false,"T":"2023-09-10T16:23:33Z"}
{"p":"25763.1","s":"BTCUSDT","q":"1","m":true,"T":"2023-09-10T16:23:34Z"}
{"p":"25763.1","s":"BTCUSDT","q":"0.003","m":true,"T":"2023-09-10T16:23:34Z"}
{"p":"60.71","s":"LTCUSDT","q":"0.854","m":false,"T":"2023-09-10T16:23:34Z"}
